1895 3208
72 157 315 216 Amphiroa.
485 157 729 199 Commium
748 154 926 213 (Aucron.
948 154 1199 208 ARESOEM.
1513 155 1608 195 533

166 287 353 329 Amphiroa
383 287 564 318 nodularia
591 284 767 318 Decaisne
793 285 829 318 in
857 284 982 318 ΛηηαΙ.
1007 283 1037 317 d.
1063 283 1199 317 Scienc.
1227 285 1301 316 nac.
1330 282 1429 315 4842.
1447 280 1523 314 Boc.
1543 281 1611 314 vol.

74 347 93 378 2
116 355 151 388 p.
180 345 254 387 123,
283 344 361 376 huic
390 346 520 375 nostran
547 342 678 384 speciei
709 342 825 374 forsan
853 350 1004 374 maxime
1031 341 1155 384 affinis,
1183 341 1282 373 nobis
1297 341 1399 382 plane
1414 341 1467 372 est
1482 341 1613 381 ignota,

73 404 217 435 minime
245 411 338 444 vero,
365 403 403 433 ut
429 402 625 443 opinamur,
652 408 732 432 cum
760 399 932 431 Corallina
957 398 1144 431 Nodularia
1170 398 1329 430 Lamour.
1353 396 1612 429 contundenda.

75 529 110 567 5.
142 532 178 567 Α.
211 536 377 565 CAPENfflS
410 526 591 570 (Arest-lt.
631 528 769 569 mser.)
813 524 950 562 fronde
989 524 1246 573 lapidescente
1285 522 1616 570 suliirregulariter

183 596 477 633 (ii-trichotoma
521 607 688 643 superne
728 594 1004 639 subattonuata,
1045 595 1158 630 ramis
1188 593 1486 641 subpatenlibus,
1519 591 1614 628 arli-

185 663 279 698 culis
323 662 510 699 diametro
554 661 796 710 epto—&plo
828 660 1077 710 longioribus,
1108 660 1319 696 eramil'eris
1351 657 1612 706 cylindraceis,

186 728 374 765 minitoris
416 727 672 777 subcuneatis,
713 727 896 774 geniculis
939 726 1186 763 inferioribus
1224 725 1461 772 longioribus
1493 723 1616 772 nigri-

186 793 372 843 cautibus,
404 793 667 841 superioribus
699 792 1007 829 liueaesormibus.

188 871 275 908 llab.
310 872 345 908 in
379 872 461 914 sinu
494 869 684 917 Tabuiari,
715 880 787 905 nec
818 879 892 905 non
927 871 995 914 ssay
1028 869 1133 905 Falso
1165 867 1268 904 dicto
1299 865 1437 915 Capitis
1468 867 1501 904 Ι).
1533 868 1614 915 spei

72 938 231 975 minime
264 938 528 985 infrequenter
560 935 690 981 (Hei-b.
725 934 873 983 propr.)

167 1013 282 1045 Callus
309 1010 473 1044 radicalis
501 1010 674 1049 oculatus,
703 1009 903 1050 multiceps.
952 1007 1061 1040 Frons
1087 1017 1199 1050 usque
1226 1007 1449 1049 3-pollic-aris
1480 1008 1514 1039 et
1541 1007 1613 1039 fere

71 1072 92 1102 2
119 1070 318 1102 millimetra
357 1069 518 1101 crassitie
558 1076 714 1109 aequam,
754 1067 883 1099 coloris
922 1065 1274 1098 alnido-virescentis
1301 1066 1321 1097 l.
1351 1065 1491 1096 omnino
1520 1065 1613 1096 vire-

73 1129 223 1170 scentis,
261 1134 413 1167 superne
453 1124 656 1156 normaliter
694 1124 875 1165 paululum
912 1125 1104 1165 attenuata,
1143 1125 1179 1155 at
1216 1131 1466 1163 nonnunquam
1506 1122 1613 1153 ramis

73 1186 286 1226 ramulisque
325 1185 462 1225 apicem
504 1191 627 1214 versus
664 1181 844 1222 paululum
882 1181 1100 1212 incrassatis.
1160 1180 1305 1212 Articuli
1347 1179 1521 1211 interdum
1566 1179 1614 1210 ita

73 1243 321 1285 approximati,
355 1244 392 1274 ut
425 1240 594 1272 articulus
621 1240 807 1271 articulum
835 1240 955 1278 tangat
981 1239 1013 1269 et
1040 1238 1240 1277 geniculum
1267 1237 1358 1269 linea
1387 1236 1612 1268 transversali

73 1302 209 1333 tantum
251 1300 401 1340 notetur,
435 1297 497 1329 sed
524 1296 738 1338 normaliter,
766 1297 803 1328 ut
828 1296 862 1327 in
890 1294 1077 1336 Amphiroa
1104 1294 1303 1335 ephedraea,
1331 1295 1530 1334 praesertim
1557 1295 1613 1326 in-

74 1358 184 1400 ferne,
212 1358 257 1388 ita
286 1356 468 1397 distantes,
496 1357 534 1387 ut
559 1354 760 1394 geniculum
791 1354 996 1391 nigrescens
1022 1353 1066 1383 sit
1093 1352 1263 1383 diametro
1290 1351 1510 1383 solummodo
1531 1351 1612 1392 2ρ10

72 1416 225 1457 brevius,
252 1413 367 1446 medio
396 1421 487 1445 nunc
515 1412 737 1452 angustiores
762 1418 855 1442 nunc
882 1409 1012 1441 ibidem
1040 1408 1217 1449 paululum
1246 1407 1611 1450 incrassati,ramiseri

73 1473 140 1506 soli
166 1480 318 1514 superne
344 1472 550 1512 plerumque
578 1470 731 1512 latiores,
757 1468 821 1500 sed
847 1468 904 1500 vix
927 1475 1007 1498 vere
1022 1467 1176 1498 cuneati.
1202 1465 1399 1498 Keramidia
1417 1465 1614 1507 frequentia

74 1531 204 1572 ubique
231 1538 293 1570 per
321 1528 478 1560 frondem
505 1536 640 1569 sparsa.

166 1587 291 1619 Mirum
317 1595 401 1619 sane
429 1585 521 1627 quod
549 1585 707 1625 speciem
735 1582 778 1615 ad
803 1582 922 1614 littora
948 1580 1117 1622 Capensia
1146 1579 1377 1622 frequentem,
1404 1579 1535 1620 colore,
1562 1580 1612 1611 ri-

74 1646 220 1686 giditate
257 1647 362 1686 atque
401 1643 587 1683 fragilitate
615 1641 954 1683 lapideo-cretacea,
993 1647 1058 1670 nec
1097 1647 1165 1670 non
1204 1638 1375 1678 geniculis
1402 1637 1612 1676 nigricanti-

76 1703 143 1736 bus
169 1703 355 1745 insignem,
382 1701 474 1743 apud
501 1703 666 1733 auctores
693 1698 906 1739 descriptam
935 1705 953 1728 a
979 1695 1080 1728 nobis
1107 1696 1475 1736 nunquaminventam
1491 1693 1611 1725 fuisse.

76 1819 112 1856 6.
143 1822 178 1856 A.
209 1826 385 1856 CRETACEA
418 1816 540 1861 (Post.
573 1819 611 1853 et
641 1816 762 1861 Rupr.
796 1812 948 1850 Illuslr.
987 1822 1025 1858 p.
1059 1810 1082 1846 2
1117 1815 1141 1846 t.
1175 1810 1252 1847 XL.
1284 1808 1313 1857 f.
1352 1808 1445 1855 404)
1479 1807 1613 1843 fronde

187 1884 443 1933 lapidescente
486 1882 745 1929 irregulariter
774 1879 1263 1924 (li-trirliotome-ramosa,
1304 1886 1469 1923 superne
1514 1877 1614 1911 atte—

185 1954 310 2002 nuata,
342 1950 454 1988 ramis
489 1948 719 1996 ramulisque
751 1945 1144 1984 divaricato—dessexis
1175 1954 1273 1991 saepe
1293 1942 1491 1989 insigniter
1513 1943 1614 1976 atte-

186 2018 309 2055 nuatis
355 2017 595 2064 intortisque,
638 2014 806 2051 articulis
850 2013 1038 2049 diametro
1069 2011 1159 2057 Qpio
1193 2011 1213 2046 Ι.
1249 2009 1336 2057 [ipio
1376 2007 1615 2055 longioribus

187 2083 425 2131 longitudine
456 2079 816 2129 subalternantibus,
847 2078 1032 2126 geniculis
1062 2075 1447 2115 sublineaesormibuS.

170 2158 344 2191 Corallina
371 2158 533 2189 cretacea
560 2156 652 2189 Post.
681 2157 714 2189 et
738 2154 847 2198 Rupr.
874 2154 894 2187 l.
923 2163 952 2186 c.

189 2229 276 2266 Hal).
311 2228 346 2264 in
379 2231 484 2276 parte
514 2226 804 2274 septentrionali
837 2222 976 2261 Oceani
1008 2223 1152 2271 pacifici
1185 2222 1228 2260 ad
1263 2222 1386 2259 littora
1410 2220 1614 2258 Unalascli-

77 2298 130 2334 kae
162 2295 293 2341 (Hei-b.
324 2296 416 2331 illus
447 2292 744 2341 Petropolitan).

170 2370 221 2403 Ab
251 2369 373 2410 Amph.
401 2369 544 2410 capensi
574 2367 676 2400 facile
703 2367 882 2408 distincta,
908 2365 946 2397 A.
981 2363 1276 2397 lireviarticulatae
1302 2364 1441 2396 videtur
1467 2362 1615 2403 affinior,

78 2431 113 2461 at
139 2427 234 2460 frons
260 2427 441 2469 paululum
467 2426 621 2457 crassior
649 2428 684 2457 et
708 2425 794 2456 rami
816 2423 1009 2464 ramulique
1037 2421 1391 2461 divaricato-dessexi,
1423 2428 1519 2460 stepo
1548 2418 1615 2449 huc

78 2486 231 2527 illucque
258 2484 405 2526 curvati,
432 2483 665 2524 crassitieque
692 2482 843 2513 maxime
870 2481 1047 2512 variantes
1073 2487 1190 2510 veram
1217 2477 1450 2509 differentiam
1466 2476 1615 2508 suadere

77 2543 251 2575 videntur.

172 2599 295 2640 Amph.
322 2597 510 2630 Nodularia
537 2595 713 2629 Decaisne
740 2593 863 2627 Annal.
892 2594 923 2626 d.
949 2592 1085 2626 Scienc.
1112 2593 1186 2624 nat.
1216 2591 1302 2624 4842
1342 2589 1418 2623 Boc.
1446 2591 1513 2624 vol.
1539 2592 1558 2623 2
1579 2600 1616 2633 p.

81 2659 158 2701 423,
185 2666 259 2698 seu,
286 2655 480 2688 secundum
507 2656 699 2694 auctorem,
725 2652 895 2684 Corallina
923 2650 1104 2682 Rosarium
1132 2647 1320 2681 Lamarclc.
1348 2647 1450 2681 Mem.
1478 2649 1522 2681 da
1539 2647 1618 2680 Μιι-

79 2724 179 2749 senm
211 2713 259 2757 II,
296 2715 361 2755 est,
395 2715 432 2745 ut
459 2722 494 2754 p.
529 2712 592 2742 422
620 2709 803 2742 contendit
828 2710 961 2749 auctor,
988 2715 1093 2748 supra
1121 2707 1297 2747 descripta
1325 2707 1475 2747 species.
1526 2705 1617 2744 Quid

81 2775 127 2806 sit
151 2772 321 2805 Corallina
350 2770 530 2802 Rosarium
566 2766 752 2800 Lamarclc.
780 2766 800 2798 Ι.
828 2775 856 2798 c.
880 2774 914 2807 p.
943 2764 1021 2806 ⁶234,
1058 2772 1120 2795 nos
1155 2762 1295 2804 quidem
1323 2761 1421 2802 sugit.
1471 2762 1618 2795 Coralli-

80 2840 162 2863 nam
197 2829 421 2862 Nodulariam
466 2825 634 2859 Lamour.
675 2824 748 2858 Pol.
784 2822 867 2865 [lex.
900 2822 968 2854 huc
1001 2830 1070 2854 non
1102 2821 1290 2863 pertinere,
1316 2829 1424 2862 supra
1449 2820 1618 2862 diximus,

82 2888 146 2921 cfr.
174 2887 239 2920 sub
265 2886 436 2919 Corallina
464 2883 640 2916 officinali.
