1895 3208
286 159 380 199 536
685 156 926 196 ConAttiNEAE
948 156 1126 208 (AUCTOR.
1146 151 1399 209 Amison).
1584 151 1827 210 Amphiroa.

286 286 435 326 demque
466 284 622 315 momine
650 282 857 314 Gulaxaurae
885 282 1104 323 cylindricae)
1132 291 1150 314 e
1176 284 1255 315 sinu
1281 282 1510 324 Neapolitano
1538 284 1699 315 vidimus.
1734 281 1828 314 Duas

285 344 390 383 igitur
418 343 449 372 in
479 342 562 371 mari
592 340 849 371 mediterraneo
876 340 987 372 lectas
1014 340 1221 381 Ampliiroas
1247 340 1429 383 habemus,
1457 341 1600 372 alteram
1631 344 1654 371 A
1682 339 1828 379 rigidam

286 408 391 439 snpra
427 399 653 439 descriptam,
687 398 830 429 alteram
868 398 910 429 ad
937 398 972 428 A.
1002 397 1127 428 exilem
1155 398 1402 437 pertinentem.
1452 397 1547 429 Hanc
1575 398 1733 429 ultimam
1764 405 1830 428 no-

287 459 378 489 mine
416 456 453 488 A.
493 456 689 488 Beauvoisii
731 456 965 497 descripsisse
1006 455 1144 487 videtur
1181 455 1413 496 Lamouroux,
1453 457 1496 488 ad
1522 466 1625 498 quam
1660 456 1764 488 etiam
1791 455 1830 486 A.

287 514 508 555 complanata
540 511 642 545 lt'mz..
678 514 855 554 pertinere
890 513 1038 545 videtur.
1098 513 1166 545 Sed
1200 515 1311 553 magis
1350 513 1453 546 dubia
1488 517 1542 546 est
1568 514 1670 546 nobis
1696 514 1734 544 A.
1762 522 1831 554 pu-

286 573 414 605 stulata
443 570 562 613 Mart„
591 571 632 603 ad
661 579 846 602 numerosa
875 571 912 601 A.
940 571 1061 610 rigidae
1089 579 1279 612 synonyma
1308 570 1424 603 forsan
1453 572 1583 612 optime
1611 570 1807 603 reserenda.

383 629 468 661 Huic
496 629 628 670 speciei
670 630 753 660 sunt
791 627 907 659 forsan
943 628 1114 668 proximae
1149 628 1335 668 Ampliiroa
1363 627 1569 660 Karstalskii
1599 627 1705 670 liupr.
1732 630 1767 660 et
1793 629 1832 660 A.

287 688 459 727 Cumingii
498 685 620 728 Ruprn,
655 694 802 727 quarum
844 686 1028 726 utriusque
1061 687 1195 717 tantum
1223 686 1372 717 vidimus
1400 685 1606 726 fragmenta,
1634 694 1678 718 ex
1706 686 1834 727 quibus

287 747 384 787 ipsas
413 746 552 785 species
580 744 720 784 penit-us
747 751 964 783 cognoscere
992 751 1059 774 non
1088 752 1288 784 possumus,
1316 752 1421 785 quam
1448 745 1552 775 etiam
1579 745 1726 785 propter
1747 752 1834 776 cau-

289 812 363 835 sam
392 802 535 834 easdem
563 801 607 833 ab
633 801 703 833 Cel.
729 801 882 833 Auctore
910 801 1109 842 descriptas
1136 802 1398 841 exspectamus.

295 897 353 934 40.
383 899 418 933 A.
451 903 623 932 DitATATA
659 893 864 938 [Lomour.
908 894 984 930 Pol.
1030 892 1126 942 fles.
1155 905 1192 941 p.
1226 894 1324 941 299)
1358 894 1493 931 fronde
1528 894 1598 931 ima
1632 894 1708 931 basi
1741 894 1836 931 snb-

402 962 512 998 tereti
544 971 691 997 sursum
725 961 1084 1008 compresso-planu
1125 961 1434 1009 (li—tricliotom:i‚
1467 962 1578 997 ramis
1611 962 1837 1009 putentibus,

406 1029 572 1066 articulis
606 1027 744 1064 intimis
775 1027 974 1073 teretibus7
1005 1014 1141 1063 mediis
1174 1026 1416 1075 compressis,
1434 1027 1699 1074 sup‹.=1·ioril›us
1725 1039 1837 1065 com-

406 1094 565 1143 planatis
610 1095 631 1130 l.
685 1093 806 1141 planis
861 1093 1196 1129 linmni-cunealis
1250 1093 1380 1129 medio
1434 1093 1838 1132 subeostato-elevntis

407 1163 643 1199 extremitate
675 1161 863 1209 superiori
910 1160 1089 1208 utrinque
1120 1161 1295 1210 dentatis,
1328 1159 1513 1207 geniculis
1545 1161 1734 1211 brevibus,
1765 1165 1838 1200 ke-

407 1228 575 1265 ramidiis
609 1227 934 1264 numerosissimis

388 1303 579 1345 Ampliiroa
605 1303 746 1335 dilatata
776 1301 944 1335 Lamour.
971 1302 992 1335 l.
1018 1312 1047 1335 c.
1072 1320 1118 1325 —
1144 1301 1252 1335 Harv.
1279 1301 1362 1336 Ner.
1389 1306 1503 1337 austr.
1527 1314 1560 1346 p.
1590 1305 1645 1336 97.

389 1362 578 1403 Amphiroa
605 1361 875 1401 galaxauroides
900 1359 1006 1394 Sond.
1034 1359 1149 1394 plant.
1176 1361 1307 1394 Preiss.
1334 1362 1401 1395 vol.
1428 1364 1447 1394 2
1469 1373 1505 1404 p.
1535 1363 1610 1395 1188.

410 1432 496 1470 Hah.
529 1432 575 1469 ad
609 1443 714 1469 oram
757 1431 897 1469 Africae
930 1432 1134 1469 australem
1177 1443 1247 1468 uec
1278 1443 1356 1469 non
1388 1435 1498 1472 Novae
1531 1433 1736 1470 Hollundiae
1768 1444 1835 1471 oc-

298 1500 495 1537 cidentalis
527 1500 658 1546 (Heri).
690 1500 907 1541 Sonderil).
1695 1500 1699 1502 ’

390 1575 500 1608 Frons
527 1575 819 1618 3——4—pollicaris
844 1575 978 1608 inferne
1004 1574 1296 1619 subtricliotoma‚
1324 1585 1476 1619 superne
1504 1579 1616 1617 magis
1635 1577 1841 1618 regulariter

298 1633 511 1666 dicliotoma.
539 1634 683 1666 Articuli
712 1642 780 1675 quo
807 1635 1010 1674 superiores
1038 1642 1078 1666 eo
1107 1635 1211 1666 etiam
1240 1635 1352 1674 magis
1372 1635 1478 1677 plani,
1494 1635 1842 1668 linearesl.lineari-

298 1693 450 1735 cuneati,
490 1693 663 1733 superiori
702 1692 926 1723 extremitate
967 1692 1130 1733 utrinque
1166 1691 1309 1733 dentati,
1337 1692 1501 1725 dentibus
1528 1694 1841 1735 superimpositum

298 1751 483 1783 articulum
509 1749 764 1790 attingentibus
790 1750 825 1781 et
850 1751 940 1781 inter
965 1758 1004 1781 se
1030 1751 1231 1789 geniculum
1259 1751 1392 1783 nudum
1419 1751 1661 1794 reddentibus,
1686 1751 1841 1791 supremi

299 1809 318 1841 3
345 1808 480 1842 millim.
505 1808 564 1840 lati
591 1809 626 1838 et
651 1807 740 1838 6-7
769 1807 900 1839 millim.
927 1808 1030 1847 longi.

393 1865 541 1907 Species
577 1864 699 1906 Amph.
738 1864 937 1906 ephedraeae
971 1867 1047 1898 sine
1075 1864 1180 1898 dubio
1218 1874 1297 1898 cum
1331 1866 1438 1906 priori
1471 1867 1629 1908 proxima
1668 1868 1744 1898 eta
1771 1865 1841 1899 Cel.

298 1923 472 1956 Decaisne
511 1925 545 1955 in
584 1923 710 1956 Annal.
749 1922 810 1954 des
844 1921 979 1955 Scienc⁴
1016 1925 1089 1955 nat.
1121 1921 1220 1954 4842.
1249 1921 1325 1955 Boc.
1353 1923 1417 1956 vol.
1447 1925 1466 1955 2
1494 1932 1556 1964 pro
1583 1933 1774 1965 synonymo
1801 1925 1840 1957 A.

299 1982 459 2014 Gnillonii
495 1979 683 2022 Lamomn,
710 1989 788 2021 quae
815 1981 870 2012 est
896 1989 1001 2023 mera,
1030 1983 1066 2012 ut
1092 1983 1269 2022 putamus,
1296 1984 1333 2012 A.
1361 1980 1559 2022 epliedraeae
1586 1982 1749 2023 varietas,
1777 1981 1841 2013 lia-

299 2040 382 2072 bita.
434 2039 635 2079 Specimina
664 2037 807 2080 Harveyi
835 2046 1012 2078 nunquam
1040 2038 1201 2080 vidimus,
1229 2039 1290 2070 sed
1319 2039 1510 2080 descriptio
1535 2039 1614 2071 data
1639 2041 1671 2071 in
1688 2039 1842 2080 plantam

300 2097 448 2130 Sonderi
481 2096 636 2138 perbene
675 2096 780 2128 cadit.
835 2094 960 2127 Differt
992 2095 1035 2127 de
1069 2098 1187 2127 cetero
1221 2098 1339 2128 nostra
1373 2096 1490 2137 planta
1519 2095 1561 2128 ab
1589 2097 1626 2128 A.
1654 2096 1843 2138 epliedraea

301 2154 467 2187 dentibus
500 2154 567 2186 illis
601 2154 790 2194 descriptis
822 2153 940 2193 potius
975 2161 1079 2194 qnam
1107 2151 1231 2185 fronde
1257 2162 1411 2195 superne
1438 2154 1675 2197 complanata,
1702 2163 1780 2196 quae
1807 2155 1842 2186 in

301 2214 369 2255 illa,
396 2215 434 2245 ut
459 2219 564 2252 supra
591 2210 752 2252 vidimus,
781 2211 927 2241 mirilice
956 2211 1078 2242 variat.

306 2305 364 2343 ll.
397 2309 432 2343 A.
464 2313 595 2342 Axcnrs
629 2304 858 2347 (Lamarclc.
906 2305 1017 2341 Mem.
1064 2303 1116 2340 du
1161 2304 1265 2359 Mus.
1307 2303 1348 2340 II
1382 2315 1419 2352 p.
1463 2303 1565 2349 238)
1601 2305 1737 2343 fronde
1768 2305 1840 2342 ima

412 2373 490 2409 basi
534 2371 731 2419 subtel-eti,
777 2382 944 2418 superne
991 2372 1480 2418 compresso-complanata
1527 2370 1841 2422 ‹li-trichoroma,

414 2440 525 2476 mulis
565 2438 788 2486 suberectis,
828 2436 994 2474 articulis
1038 2437 1175 2474 intimis
1213 2436 1397 2473 teretibus
1430 2437 1673 2485 brevissimis,
1706 2439 1842 2475 mediis

411 2505 597 2552 elongatis
629 2505 710 2552 plus
743 2503 866 2540 minus
899 2503 1129 2551 compressis
1162 2503 1502 2550 lineari-oblongis
1536 2504 1556 2540 l.
1573 2504 1841 2552 subelliptieo-

413 2571 589 2617 oblongis
621 2571 858 2607 extremitate
889 2571 1078 2618 superiori
1112 2569 1440 2617 sutwinarginatis,
1471 2570 1733 2617 superioribus
1760 2575 1839 2607 ter-

413 2637 694 2684 mimililmsqne
734 2637 875 2673 sensim
924 2636 1280 2683 sulmngustiorilms
1312 2632 1650 2674 ”lineari-clm'atis
1681 2637 1840 2674 lineari-

414 2706 558 2751 busque
590 2699 803 2752 truncatis‚⁷⁷
836 2704 1020 2750 geniculis
1054 2702 1312 2751 longiusculis,
1344 2702 1561 2739 liei-umidus
1566 2731 1735 2741 .....

396 2780 568 2813 Corallina
596 2787 728 2820 anceps
754 2777 943 2811 Lamarclc.
969 2778 990 2811 l.
1018 2789 1048 2814 c.

396 2838 584 2879 Ampliiroa
623 2845 754 2877 anceps
794 2835 960 2869 Decaisn.
998 2836 1123 2869 Ληηαί.
1162 2836 1223 2869 des
1257 2835 1392 2869 Scicnc.
1421 2836 1495 2868 nat.
1523 2833 1622 2866 118122.
1648 2832 1726 2867 Bot.
1751 2843 1782 2867 v.
1809 2837 1840 2868 2.

299 2905 333 2935 p.
363 2896 437 2926 425.
465 2894 573 2927 liare).
601 2893 685 2927 Ner.
713 2896 826 2927 austr.
850 2904 886 2936 p.
913 2895 955 2926 98
981 2895 1004 2926 l.
1032 2892 1200 2926 XXXVII.
