1895 3208
301 128 361 169 59
371 130 397 169 4
797 123 1182 167 Sraffinococcoinssffl.
1574 122 1832 168 Gracilaria.

403 258 578 299 Gigartina
606 265 809 300 compressa
835 255 944 292 Hoolt.
971 277 1016 282 -
1042 256 1149 292 Harv.
1177 256 1273 291 Μαη.
1294 267 1329 300 p.
1355 258 1416 292 74!
1444 255 1542 301 Gm'ff.
1569 259 1603 292 iu
1626 256 1834 301 Phyeoloqist

301 318 388 350 4843
414 326 448 349 n.
480 314 609 349 XXIII.

392 375 570 417 Sphaeroc.
596 374 826 408 Lichenoides
858 373 961 409 Grev.
989 374 1106 419 Crypt.
1135 374 1184 409 Fl.
1211 374 1278 409 tab.
1305 375 1388 409 344!

390 433 505 466 Fucus
532 434 669 467 albidus
695 433 775 477 Esp.
801 432 871 467 tab.
901 433 989 467 ⁴00?

392 492 474 534 Sph.
502 492 746 525 confervoides
773 501 846 525 var.
872 492 1056 526 uniformis
1083 491 1141 537 Ay.
1167 501 1220 536 sp.
1243 502 1279 536 p.
1306 492 1388 526 306!

392 550 475 593 Sph.
503 551 680 584 secundus
707 550 764 594 Ay.
791 548 917 593 ΑῑιΙΞ-..Ι

390 609 472 651 Spli.
499 609 661 651 Imperati
687 609 807 650 Claz'aje
834 608 940 652 Hydr.
962 608 1070 654 Neap.
1097 609 1164 643 tab.
1191 609 1270 642 XX!

390 667 522 711 Halym.
550 668 696 702 Proteus
722 667 833 709 Chiaj.
861 667 967 710 Hydr.
992 666 1103 712 Neap.
1130 667 1199 701 tab.
1226 666 1311 700 LV?

389 726 503 760 Fucus
529 727 639 759 Bursa
665 726 818 759 Pastoris
845 724 920 758 Gm.
946 724 1030 759 Fuc.
1054 735 1089 769 p.
1117 728 1174 759 1124
1206 725 1275 759 tab.
1310 724 1394 759 VIII
1414 723 1470 770 fiq.
1497 726 1534 759 3!

389 784 504 819 Fucus
532 785 631 819 albus
664 782 765 827 Wulf.
792 783 908 828 Crypt.
940 794 975 828 p.
1009 785 1050 818 49
1084 785 1193 825 (excl.
1227 785 1336 828 syn.)!
1363 784 1430 818 fide
1458 784 1550 817 leon.
1575 785 1660 827 pict.
1687 785 1720 818 in
1746 784 1834 818 Mus.

297 844 402 878 vind!

390 902 474 937 Fuc.
501 903 639 936 albidus
666 901 746 946 Esp.
773 901 857 936 Fuc.
885 901 953 936 tab.
981 902 1028 936 C!

389 962 503 995 Fucus
529 961 716 1003 flagellaris
743 960 823 1004 Esp.
850 960 934 995 Fue.
961 960 1029 995 tab.
1060 961 1146 994 405?

391 1021 505 1054 Fucus
530 1019 716 1053 uniformis
743 1019 822 1064 Esp.
850 1018 935 1054 Fuc.
963 1019 1031 1054 tab.
1060 1020 1139 1053 408!

390 1080 484 1113 lcon.
510 1072 643 1112 Donati
666 1077 786 1112 Storia
809 1078 877 1112 tab.
907 1078 950 1112 l?

392 1139 530 1172 Exsico.
565 1135 675 1181 Wyatt
701 1136 829 1171 Duum.
856 1147 915 1172 nso
940 1138 999 1170 ⁶25!

408 1211 496 1249 Hal).
542 1210 580 1247 in
626 1220 773 1246 oceano
819 1209 997 1246 atlantico
1037 1207 1082 1245 ab
1115 1207 1190 1245 oris
1222 1206 1406 1255 llispaniae
1438 1217 1557 1255 usqne
1589 1207 1633 1243 ad
1665 1207 1832 1254 Angliani

298 1278 543 1326 (Grisfiilisl);
585 1277 622 1313 in
660 1276 943 1314 mediterraneo
982 1286 1102 1324 usque
1141 1275 1186 1312 ad
1226 1273 1444 1323 AEgyptaml
1485 1274 1520 1311 in
1558 1273 1763 1312 Adriatico!
1795 1274 1832 1311 in

297 1346 382 1383 sinu
414 1344 609 1383 Mexicano
643 1344 687 1381 ad
719 1346 811 1382 Vera
843 1346 935 1382 cruz
968 1342 1222 1394 (Liebmanl),
1253 1342 1296 1380 ad
1330 1341 1440 1379 insul.
1470 1344 1520 1378 S:t
1552 1342 1714 1380 Thomas
1745 1341 1833 1389 (Hb.

298 1412 489 1460 Binderl).

391 1490 476 1531 Aiga
508 1490 651 1522 circiter
683 1489 923 1532 semipedalis.
979 1488 1089 1522 Radix
1123 1490 1271 1521 scutata.
1321 1487 1429 1521 Frons
1457 1496 1581 1521 recens
1607 1485 1834 1520 teretiuscula

298 1548 450 1582 molliter
476 1557 634 1592 carnosa,
662 1548 806 1590 fragilis,
833 1549 994 1581 crassitie
1020 1557 1146 1590 pennae
1173 1547 1245 1580 sere
1272 1549 1438 1590 corvinae,
1464 1547 1702 1580 exsiccatione
1724 1545 1833 1578 colla-

298 1608 392 1641 bitur
418 1609 453 1640 et
477 1616 545 1640 non
574 1616 651 1640 raro
679 1607 722 1640 ob
764 1606 909 1640 cellulas
936 1607 1122 1640 interiores
1154 1606 1378 1648 perlucentes
1404 1607 1560 1648 speciem
1588 1603 1720 1638 frondis
1748 1604 1835 1636 arti-

300 1666 604 1699 culato-areolatae
631 1675 783 1708 superne
810 1668 1007 1707 recuperat,
1037 1665 1234 1698 substantia
1261 1668 1320 1697 aut
1345 1663 1614 1696 membranacea
1641 1666 1700 1696 aut
1726 1663 1834 1695 carti-

297 1725 444 1765 laginea.
498 1724 717 1757 Ramificatio
750 1726 842 1757 inter
875 1724 1111 1757 dichotomam
1139 1725 1174 1756 et
1199 1724 1408 1756 ramulosam
1436 1722 1642 1756 intermedia
1669 1723 1834 1762 apparet,

296 1791 419 1815 revera
445 1784 562 1815 autem
588 1783 674 1814 rami
701 1784 733 1815 in
761 1782 883 1815 fronde
911 1783 1075 1825 primaria
1110 1781 1258 1814 indivisa
1285 1783 1320 1813 et
1345 1790 1440 1822 saepe
1466 1782 1646 1813 incurvata
1672 1780 1834 1813 laterales

297 1844 332 1874 et
356 1842 563 1884 plerumque
597 1841 793 1884 secundati,
822 1849 917 1873 ramo
943 1850 1012 1873 uno
1040 1841 1194 1874 alterove
1220 1840 1263 1873 ad
1290 1840 1436 1873 alterum
1462 1839 1552 1872 latus
1578 1837 1756 1880 tendente,
1782 1836 1833 1869 vel

297 1900 420 1943 spatiis
447 1899 702 1932 alternantibus
729 1900 889 1932 secundi.
940 1899 1036 1932 Rami
1063 1908 1080 1931 a
1107 1898 1183 1931 basi
1202 1899 1257 1931 vix
1281 1899 1438 1931 tenuiore
1453 1896 1676 1940 cylindracei,
1692 1896 1834 1929 ramulis

296 1958 536 1991 conformibus
574 1967 680 2000 parce
720 1957 839 2001 obsiti,
878 1959 978 2000 apice
1016 1958 1220 1998 longissime
1259 1957 1470 1989 acuminato.
1518 1955 1620 1989 Color
1645 1955 1834 1988 coccineus

297 2019 357 2050 aut
396 2026 544 2050 carneus
572 2018 605 2049 in
632 2016 774 2049 sordide
811 2017 1045 2050 latescentem
1085 2016 1185 2049 facile
1218 2015 1351 2048 abiens.
1404 2014 1567 2048 Coccidia
1594 2013 1834 2046 ovato-hemi-

297 2076 470 2119 sphaerica
497 2077 533 2108 et
558 2075 696 2118 apicalo
731 2075 882 2109 evidenti
916 2075 1056 2108 demum
1096 2076 1277 2118 instructa,
1305 2074 1474 2107 diametro
1504 2073 1701 2106 crassitiem
1729 2071 1834 2103 dimi-

297 2135 390 2168 diam
434 2134 568 2168 srondis
607 2133 679 2166 sere
718 2135 904 2177 aequantia,
943 2143 1006 2175 per
1043 2135 1153 2167 totam
1191 2133 1350 2167 frondem
1382 2141 1519 2175 sparsa.
1568 2130 1833 2172 Sphaerosporae

298 2193 443 2227 Generis
470 2195 504 2226 in
531 2193 636 2225 ramis
661 2201 785 2234 parum
817 2193 1031 2226 incrassatis.
1082 2192 1218 2225 Cliartae
1247 2193 1360 2225 laxius
1387 2191 1555 2224 adliaeret.

390 2251 510 2284 Planta
549 2259 670 2283 revera
710 2251 769 2284 diu
807 2252 959 2293 cognita,
1001 2251 1083 2284 licet
1107 2253 1230 2292 postea
1259 2250 1348 2283 male
1379 2250 1556 2282 intellecta
1584 2249 1620 2280 et
1646 2255 1832 2280 numerosa

297 2311 379 2345 hinc
415 2311 618 2353 synonymia
658 2311 796 2343 onusta.
854 2311 880 2342 A
906 2309 1030 2342 Donati
1059 2309 1080 2342 l.
1107 2319 1137 2353 cs
1158 2319 1193 2352 p.
1222 2306 1372 2341 XXVIII
1396 2307 1512 2350 quoad
1536 2308 1654 2348 partes
1681 2305 1832 2338 fructifi-

298 2369 447 2402 cationis
481 2370 527 2402 ita
559 2369 748 2411 descripta,
785 2371 823 2401 ut
854 2368 1088 2400 recentiorum
1116 2367 1283 2410 operibus
1310 2366 1493 2408 analyticis
1520 2367 1577 2398 vix
1603 2365 1727 2397 melius
1752 2363 1833 2396 illu—-

298 2430 406 2461 strata
444 2427 558 2460 suerit.
619 2427 719 2469 Apud
760 2426 952 2459 annerum
995 2428 1029 2458 et
1066 2425 1279 2466 Agardhium
1312 2424 1426 2467 quoad
1453 2425 1588 2466 partem
1615 2422 1727 2456 adbuc
1754 2430 1832 2454 cum

299 2487 355 2519 Gr.
381 2485 611 2519 Conservoide
642 2484 801 2518 confusa.
861 2488 886 2517 A
923 2483 1094 2516 Wulsenio
1120 2491 1183 2525 pro
1212 2491 1308 2515 more
1343 2483 1484 2523 egregie
1511 2481 1702 2524 descripta.
1728 2499 1771 2504 --
1796 2479 1830 2512 ln

298 2545 438 2588 Phycol.
475 2545 559 2576 Brit.
599 2543 866 2585 sphaerosporas
904 2544 939 2575 ct
977 2542 1158 2575 cruciatim
1195 2543 1229 2574 et
1263 2541 1434 2582 triangule
1461 2541 1591 2574 divisas
1619 2539 1833 2580 nuncupavit

300 2603 451 2646 llarvey3
479 2603 613 2635 iteratis
641 2601 949 2635 observationibus
976 2608 1165 2642 numquam
1194 2607 1263 2633 non
1290 2600 1475 2632 cruciatim
1500 2598 1631 2632 divisas
1658 2598 1737 2631 vidi.

304 2707 362 2745 ll.
393 2709 454 2744 Gn.
488 2715 649 2744 DlSTlCllA
680 2705 734 2751 [J.
767 2706 833 2753 Ay.
864 2704 946 2753 Alq.
978 2705 1100 2753 Rapp.
1128 2715 1167 2752 p.
1205 2701 1297 2751 472)
1328 2702 1465 2741 fronde
1492 2701 1830 2741 subter-etisuccu-

410 2776 524 2824 lenta,
566 2773 820 2811 exsiccatione
865 2773 1027 2821 collapsa
1059 2771 1313 2821 cartilaginea,
1344 2771 1831 2818 subdicliotomo-ramosa,

411 2841 524 2879 ramis
576 2840 815 2878 subdisticbis
866 2842 949 2889 plus
1001 2839 1125 2877 minus
1170 2839 1367 2877 evidenter
1409 2838 1553 2876 alterne
1595 2836 1832 2886 secundatis,

417 2908 570 2948 ramulis
587 2908 743 2946 minutis
760 2908 940 2946 subulatis
957 2908 1064 2957 apice
1081 2918 1178 2956 saepe
1194 2903 1591 2953 divaricato-suroatis,
1608 2903 1800 2942 coccidiis.
1820 2934 1828 2943 .
