1895 3208
79 150 382 197 Helminthora.
657 153 690 196 H
695 168 1034 198 amuurnocmnaffl.
1520 164 1573 203 41
1587 163 1611 203 5

80 286 183 318 nibus
210 288 268 319 aut
294 286 395 318 icone
425 286 508 318 *1027
538 286 573 318 m
599 284 697 329 linql.
724 284 802 318 Bal.
829 287 908 319 data
935 290 1197 331 comparantur,
1225 287 1267 320 ad
1293 291 1422 323 statum
1438 292 1612 333 quendam

80 344 291 386 llalymeniae
318 344 470 384 ligulatae
498 346 674 385 pertinere
704 344 804 377 facile
832 345 1008 379 crederes.

173 402 379 435 Varietatem
409 405 589 446 minorem,
618 405 760 436 ramulis
788 406 940 437 setaceis
968 405 1244 447 uuilateralilms,
1272 404 1474 439 eDalmatia
1490 411 1612 449 ortam,

79 464 251 493 memorat
275 459 435 502 Kutzing.
485 459 561 494 Bol.
590 460 675 496 Zeil.
705 462 789 495 4847
815 472 848 505 p.
875 464 940 495 ⁶222
969 465 1002 495 ec
1026 462 1082 506 Sp.
1109 464 1179 507 Alq.
1207 464 1227 498 l.
1255 474 1284 497 c.

77 642 280 699 LXIV.
320 643 722 697 HELMINTHORA
764 663 797 702 J,
829 664 897 711 Ay.
928 673 1044 701 mser.
1062 665 1160 709 (non
1183 664 1320 709 Fries)
1342 666 1537 704 Nemalion
1555 680 1610 716 sp.

185 730 313 779 Baby,
358 732 531 779 Ii'e‘itze'nq
570 737 642 770 ecc.
677 731 926 778 Dudresnayae
957 744 1010 780 sp.
1042 730 1074 769 J.
1107 731 1175 778 Ay.
1208 734 1424 781 Mesogloiae
1456 747 1509 783 sp.
1544 737 1608 784 Ay.

186 803 223 836 ec
253 799 365 836 Ance.

75 879 194 914 Frons
247 877 488 915 teretiuscula
544 876 753 924 gelatinosa
808 887 1120 925 quoquoversum
1167 889 1328 927 ramosa,
1374 879 1428 916 axi
1464 880 1610 929 filisque

186 943 489 993 investientibus,
507 946 664 980 stratum
683 943 908 981 continuum
927 943 1209 992 peripliericum
1230 945 1495 995 formantibus,
1514 958 1611 984 con—

185 1011 330 1060 stituta3
373 1010 450 1048 axis
481 1010 550 1047 [ilis
582 1010 772 1047 concretis
804 1010 993 1059 parallelis
1026 1011 1363 1058 longitudinalibus
1394 1014 1612 1063 articulatis,

184 1077 322 1115 mediis
352 1076 602 1114 crassioribus
635 1077 971 1115 cellulaeformibus
1004 1081 1202 1127 contexta3
1234 1079 1291 1116 fila
1325 1080 1562 1129 periplierica
1592 1095 1611 1119 a

183 1146 253 1183 filis
295 1146 373 1182 axis
419 1145 672 1182 exterioribus
715 1145 1075 1183 subborizontaliter
1113 1146 1364 1196 egredientia,
1394 1147 1611 1185 dicbotoma

185 1213 379 1262 fastigiata,
411 1213 573 1251 invicem
607 1214 737 1251 libera.
796 1214 1103 1261 Desmz'ocarpz'a
1122 1217 1237 1251 strato
1256 1215 1498 1263 peripherico
1516 1217 1611 1253 sub-

183 1283 376 1331 immersa,
408 1281 477 1318 filis
510 1281 801 1328 gemmidiiferis
831 1281 1004 1329 plurimis
1036 1279 1200 1331 clavatis,
1231 1293 1248 1318 a
1283 1285 1423 1330 puncto
1454 1284 1610 1320 centrali

183 1348 429 1398 radiantibus,
460 1348 571 1385 nudis
601 1348 815 1386 constituta.
852 1348 1162 1396 Sphoerosporoe.
1195 1379 1202 1386 .

182 1438 349 1476 Frondes
381 1441 535 1486 teretes,
568 1438 776 1475 lateraliter
806 1449 1119 1487 quoquoversum
1152 1449 1308 1476 ramosae
1327 1439 1610 1492 decompositae,

71 1506 288 1555 gelatinosoe
327 1509 364 1543 et
402 1505 568 1555 lubricae,
606 1506 663 1542 axi
704 1505 903 1543 medullari
936 1510 974 1543 et
1003 1510 1120 1544 strato
1153 1507 1396 1556 peripherico
1427 1512 1610 1546 constan-

70 1577 139 1612 tes.
210 1574 293 1611 Axis
337 1577 536 1611 contextus
581 1576 637 1610 est
681 1574 826 1611 cellulis
872 1575 1057 1623 elongatis
1103 1575 1311 1626 parallelis,
1363 1576 1609 1615 interioribus

68 1640 240 1691 pluribus
285 1640 453 1688 angustis
499 1640 653 1689 quidem
700 1641 766 1678 sed
806 1641 861 1678 xix
901 1652 990 1679 vere
1022 1642 1277 1693 filiformibus,
1309 1643 1609 1682 endocbromate

68 1710 127 1746 rix
159 1708 367 1758 conspicuo
400 1708 571 1758 liyalinis,
603 1709 782 1747 omnibus
825 1710 1088 1747 conformibus
1120 1711 1298 1756 (ceutrali
1330 1712 1478 1760 null0);
1511 1713 1611 1750 inter

68 1777 132 1814 bas
164 1775 373 1813 obveniunt
405 1776 607 1827 rarissima,
639 1780 741 1814 extra
774 1778 833 1814 illa
868 1779 988 1828 plura,
1021 1778 1077 1815 vix
1097 1782 1222 1816 tamen
1241 1782 1397 1816 stratum
1417 1780 1609 1828 peculiare

69 1842 285 1893 formantia,
330 1844 388 1880 fila
435 1843 609 1881 tenuiora
657 1845 830 1892 elongata
869 1845 1065 1882 articulata
1096 1845 1397 1884 endocbromate
1429 1848 1609 1898 colorata,

69 1922 114 1948 ex
157 1911 294 1959 quibus
338 1911 395 1948 fila
428 1910 668 1960 pcripberica
699 1911 946 1949 liorizontalia
980 1912 1110 1960 egredi
1146 1912 1333 1952 videntur.
1394 1913 1468 1951 Fila
1499 1915 1609 1963 peri-

68 1978 221 2026 plierica
265 1978 624 2016 subliorizontaliter
669 1979 926 2029 egredientia,
972 1980 1186 2030 articulata,
1239 1980 1496 2030 subsimplicia
1547 1986 1610 2019 aut

68 2045 187 2083 dense
228 2046 444 2083 dichotoma
490 2046 671 2094 fastigiata
716 2050 752 2084 ot
793 2050 948 2085 stratum
990 2048 1216 2085 continuum
1259 2049 1472 2099 formantia,
1515 2050 1608 2086 arti-

69 2112 163 2150 culis
194 2112 442 2151 interioribus
474 2114 739 2165 cylindraceis,
777 2115 1043 2152 terminalibus
1075 2115 1251 2163 oblongis
1285 2116 1339 2152 vel
1374 2117 1608 2166 ellipsoideis

67 2180 112 2217 ad
144 2180 316 2229 genicula
349 2182 568 2218 contractis.

178 2249 281 2285 luter
311 2248 369 2285 fila
402 2248 639 2297 peripherica
671 2250 904 2299 cystocarpia
937 2250 1175 2299 nidulantur3
1221 2255 1395 2291 constant
1425 2253 1494 2290 filis
1526 2255 1606 2291 cla-

67 2314 157 2352 vatis
189 2315 512 2352 numerosissimis
543 2328 561 2353 a
595 2319 736 2364 puncto
769 2318 924 2355 centrali
960 2318 1203 2367 radiantibus,
1234 2330 1346 2357 muco
1379 2323 1442 2356 aut
1473 2321 1604 2356 cellula

68 2381 288 2418 includente
333 2383 528 2420 communi
575 2383 800 2421 nullomodo
841 2384 1004 2434 obtecta,
1047 2385 1112 2422 sed
1157 2386 1267 2423 nuda.
1328 2388 1605 2435 spluerosporffi

67 2449 241 2487 nondum
264 2449 511 2499 (observatae3
557 2452 674 2487 semel
707 2451 781 2488 vidi
813 2453 1115 2500 spbrerosporam
1149 2451 1206 2500 [2]
1238 2453 1399 2490 zonatim
1433 2452 1607 2503 divisam,

66 2526 179 2554 muco
211 2515 357 2554 frondis
388 2517 619 2566 immersam,
649 2517 715 2553 sed
748 2517 875 2554 forsan
907 2518 1081 2555 alienam.

178 2587 202 2621 Α
234 2583 474 2630 Dudresnaya
518 2584 589 2621 boc
627 2595 745 2631 genus
784 2584 908 2621 differt
946 2585 1178 2623 evolutionis
1209 2595 1363 2635 norma3
1397 2585 1507 2624 tubus
1539 2599 1605 2625 ar-

67 2650 240 2688 ticulatus
285 2651 462 2688 centralis
509 2650 604 2688 baud
651 2651 774 2700 adest;
821 2662 892 2688 nec
939 2652 1065 2699 itaque
1097 2653 1155 2690 fila
1188 2653 1426 2702 periplierica
1458 2654 1503 2691 ab
1535 2642 1605 2693 lio-c

67 2720 317 2758 verticillatim
349 2718 609 2767 egrediuntur.
668 2720 905 2768 Cystocarpia
936 2721 1047 2757 aliter
1077 2724 1304 2759 constructa.
1336 2724 1359 2757 Λ
1381 2723 1604 2760 Nemaliono

67 2784 180 2833 longe
210 2786 358 2824 diversa
389 2790 575 2824 structura
607 2786 730 2825 distat.

179 2853 446 2892 llelinintborae
478 2853 670 2902 quoddam
703 2865 822 2902 genus
852 2867 871 2891 a
904 2854 1046 2892 Friesio
1079 2856 1291 2894 institutum
1317 2856 1398 2906 fuit,
1430 2859 1516 2906 typo
1537 2857 1601 2895 ui-

67 2920 216 2958 vulariae
260 2921 454 2959 multitidze
495 2920 596 2959 ch.
636 2924 674 2958 et
712 2922 830 2971 Molir,
862 2926 974 2969 atque
1007 2924 1053 2961 ita
1087 2935 1219 2964 revera
1251 2935 1335 2976 cum
1368 2926 1604 2977 Nemalione,
