1895 3208
120 153 359 200 Melobesia.
544 155 783 197 CoRALLlNEAE
805 154 982 210 (weron.
1001 152 1250 207 ARESGHJ.
1561 155 1617 196 51
1636 157 1652 195 1

120 288 278 326 diversis
308 286 509 336 speciebus
540 289 595 324 sat
625 286 786 336 (inorsa,
817 285 934 323 modo
968 285 1251 334 licinispliaerica
1277 284 1659 335 etmamilloesormia,

119 356 237 394 modo
268 354 426 392 minime
459 356 479 391 1.
512 365 644 402 parum
684 365 796 401 supra
838 352 1081 401 superficiem
1122 353 1238 402 ipsius
1271 353 1417 391 frondis
1448 354 1604 403 elevata,
1637 354 1657 390 i.

121 437 152 461 e.
197 423 390 470 immersa,
435 421 695 469 magnitudine
741 420 934 469 variantia,
980 420 1083 456 nudo
1131 421 1243 457 oculo
1290 430 1391 457 nunc
1438 420 1658 469 conspicua,

119 501 221 528 nunc
258 500 349 527 vero
395 491 466 526 tam
500 500 611 538 parva
645 491 684 525 ut
714 488 770 525 vix
804 487 875 524 nisi
909 488 1021 525 oculo
1056 491 1201 524 armato
1234 486 1361 534 detegi
1393 487 1541 536 possint
1572 488 1658 535 (in-

120 556 359 606 conspIcua)‚
403 568 500 606 poro
546 567 698 605 semper
739 559 891 604 pertusa
936 559 973 592 et
1004 555 1229 604 perisporiis
1261 567 1280 593 e
1313 553 1432 592 fundo
1472 553 1657 602 subplano

120 625 257 662 erectis
290 625 439 661 referta.

227 695 352 729 Genus
383 694 423 727 ut
454 691 524 727 lioc
556 691 641 727 loco
674 689 837 727 limitare
869 688 994 726 conati
1027 699 1204 738 sumus‚a
1226 688 1502 726 Lithotliamnio
1522 688 1657 726 fronde

116 759 342 797 horizontali
388 759 579 807 praecipue
625 757 857 806 distinctum,
898 756 1031 794 formis
1078 755 1318 793 intermediis
1350 756 1386 793 in
1432 756 1521 792 illud
1553 756 1658 793 abire

115 827 273 864 minime
303 826 495 874 denegare
528 827 712 863 volumus.
781 828 821 862 At
852 825 904 861 lim
937 824 1083 872 tormen,
1121 823 1191 860 nisi
1224 822 1331 860 valde
1364 821 1541 872 fallimur,
1573 825 1660 860 sunt

115 893 477 930 Lithotliamniorum
509 892 731 942 primordia,
771 891 792 928 i.
826 903 859 927 e.
893 891 1027 927 horum
1060 891 1307 938 hypothaHus,
1337 899 1422 925 cum
1453 889 1660 926 Melobesia

114 960 230 996 sterili
264 960 371 996 facile
403 958 710 1006 confundendus,
741 957 804 1005 qui
837 958 978 993 nullam
1011 956 1132 992 adhue
1164 955 1330 992 exseruit
1361 955 1538 992 frondem
1569 965 1660 991 ver-

114 1027 276 1064 ticalem.
336 1025 479 1062 Eodem
512 1024 630 1061 modo
664 1024 783 1072 ipsam
815 1024 1039 1061 Corallinam
1081 1022 1313 1059 osticinalem
1346 1033 1366 1059 e
1398 1025 1521 1059 crusta
1553 1022 1660 1059 hori-

114 1095 313 1133 zontaliter
351 1105 420 1142 per
459 1104 595 1141 rupem
634 1092 748 1129 etlusa
793 1093 1079 1128 excrescentem
1120 1089 1292 1126 vidimus.
1358 1090 1447 1125 Eam
1490 1100 1580 1126 vero
1612 1089 1660 1126 ob

114 1172 264 1198 causam
296 1160 453 1197 minime
485 1159 681 1206 conjicere
714 1158 802 1195 licet
840 1158 931 1202 (Csr.
961 1156 1158 1195 Jolmston
1191 1156 1341 1194 Britz'sh
1372 1157 1549 1204 Sponqes
1580 1157 1662 1194 and

112 1228 388 1277 Lttlzoplzytes]
422 1238 556 1265 omnes
589 1226 812 1264 Melobesias
843 1236 926 1262 esse
958 1226 1037 1262 sola
1069 1224 1370 1261 Corallinearum
1402 1227 1438 1261 et
1469 1224 1660 1274 praecipue

114 1296 312 1334 Corallinae
345 1295 545 1333 officinalis
577 1293 805 1342 primordia;
844 1292 946 1341 quod
980 1292 1008 1329 si
1042 1303 1269 1329 concessum
1304 1292 1429 1342 fucrit,
1459 1291 1549 1340 quid
1582 1292 1660 1328 im-

112 1364 243 1415 pediat
282 1363 488 1412 quominus
535 1373 671 1399 omnes
710 1361 912 1398 Parmelias
959 1371 1042 1397 esse
1091 1359 1232 1396 formas
1277 1358 1527 1406 degeneratus
1572 1357 1660 1395 cla-

114 1433 362 1481 (lonicorum,
407 1441 568 1478 quarum
607 1430 739 1466 thallus
780 1428 967 1466 verticalis
1007 1439 1027 1464 e
1067 1428 1180 1464 1110110
1225 1426 1449 1464 horizontali
1497 1426 1660 1464 soliaceo

115 1501 294 1548 exsurgit,
325 1497 562 1536 contendere
594 1495 812 1544 possimus?

225 1565 429 1604 Melobesia
463 1564 646 1601 Lamour.
677 1576 695 1600 a
727 1563 956 1610 Lithophylto
988 1562 1084 1599 Phil.
1114 1565 1300 1600 structura
1319 1561 1473 1610 quidem
1493 1572 1570 1599 non
1589 1572 1660 1610 pa-

115 1647 199 1674 rum
239 1635 375 1683 differt,
405 1634 433 1670 si
466 1633 614 1681 species
653 1631 867 1669 anatomice
906 1631 1136 1668 examinatas
1175 1629 1411 1678 respicimus.
1471 1628 1540 1665 Sed
1574 1640 1658 1665 cum

116 1704 244 1753 plures
284 1701 482 1749 utriusque
521 1699 673 1747 generis
704 1699 852 1747 species
884 1699 955 1735 lioc
987 1701 1162 1746 respectu
1195 1697 1393 1744 inquirere
1425 1708 1502 1734 non
1535 1696 1659 1733 licue-

117 1773 175 1819 rit,
214 1773 373 1818 propter
411 1771 637 1806 structuram
682 1766 862 1814 generice
895 1766 1129 1813 distinguere
1161 1775 1239 1801 non
1271 1763 1472 1800 voluimus.
1531 1763 1660 1800 Litho-

117 1838 280 1887 pliyllum
313 1847 398 1872 cum
431 1835 637 1873 Metobesia
670 1838 827 1883 propter
847 1833 992 1870 frondis
1012 1831 1318 1869 convenientiam
1338 1830 1464 1878 potius
1482 1841 1595 1879 quam
1614 1831 1658 1867 ab

116 1905 354 1942 consimilem
393 1905 620 1941 structuram
661 1912 747 1938 cum
789 1900 1063 1938 Litliotliamnio
1104 1898 1348 1948 consociere,
1391 1897 1502 1935 nobis
1539 1897 1658 1935 visum

116 1974 173 2009 est
202 1971 331 2010 satius.

227 2039 380 2088 Species
418 2038 455 2076 in
497 2037 674 2075 omnibus
716 2038 794 2074 lere
834 2035 1002 2073 maribus
1046 2035 1165 2072 obviae
1198 2038 1235 2071 et
1266 2033 1457 2082 praecipuc
1490 2033 1526 2069 in
1559 2035 1661 2069 tem-

117 2107 256 2157 peratis
288 2107 406 2155 lectae,
438 2116 568 2143 versus
600 2105 708 2153 polos
742 2114 936 2141 rarescere
957 2102 1143 2140 videntur.
1184 2101 1363 2150 specifica
1391 2100 1660 2138 determinatio

116 2185 201 2211 cum
245 2175 403 2222 propter
440 2171 713 2209 multiformem
754 2181 886 2208 earum
928 2172 1115 2220 naturum,
1146 2172 1225 2206 tum
1257 2169 1306 2206 ob
1337 2167 1589 2216 speciminum
1623 2167 1660 2202 in

116 2241 302 2279 lierbariis
350 2240 551 2289 penuriam
595 2238 831 2288 difficillima,
876 2249 994 2286 quare
1041 2237 1271 2284 insigniores
1309 2237 1409 2273 solas
1447 2235 1659 2281 meliusque

117 2310 288 2357 cognitas
333 2308 480 2357 species
527 2308 597 2345 hoc
641 2308 726 2345 loco
773 2306 992 2356 recipimus,
1024 2308 1169 2342 ceteras
1201 2304 1274 2341 alio
1308 2304 1407 2354 loco,
1441 2302 1468 2338 si
1504 2302 1581 2338 sors
1613 2300 1660 2337 ita

118 2375 257 2426 tulerit,
289 2376 536 2424 proposituri.

118 2528 144 2562 Ι.
177 2527 378 2562 Memsssssm
411 2520 635 2572 (Lamour.
667 2520 771 2560 Hist.
806 2519 875 2560 des
907 2518 988 2559 Pol.
1017 2516 1141 2570 fler.)
1171 2516 1374 2557 Fue-icoloe
1398 2515 1420 2555 l.
1445 2514 1658 2563 saxtcotoe,

117 2591 265 2643 fronde
291 2590 491 2640 primitus
522 2587 833 2628 subet-bicularz'
865 2587 1026 2637 payina
1056 2584 1249 2636 inferiori
1282 2584 1452 2632 adnata,
1482 2593 1660 2622 norma-

120 2659 216 2698 liter
239 2657 374 2708 plana
406 2653 507 2707 [nec
539 2655 643 2695 tobis
672 2653 829 2694 ambitu
861 2653 1006 2693 liberis
1029 2652 1281 2702 paz-metice-
1299 2651 1321 2690 l.
1342 2649 1660 2701 stione-sormi)

119 2735 252 2776 supra
282 2724 484 2775 adm-esse
515 2720 1098 2774 subqaamutoso-imbricata
1130 2719 1153 2758 l.
1186 2718 1541 2769 tcezri,[le122·qzzez·n
1560 2727 1662 2756 cru—

120 2796 232 2832 stam
266 2801 346 2842 per
384 2792 603 2830 matricem
643 2787 819 2840 effusam
856 2798 948 2826 cum
985 2785 1204 2838 frondibus
1237 2786 1387 2826 vicinis
1421 2782 1659 2835 confluente.

120 2861 309 2901 Stratum
345 2860 540 2909 superins
572 2867 592 2897 e
624 2856 782 2896 cellulis
829 2852 1068 2894 subcubz‘cz's
1112 2851 1306 2892 &reatibus
1337 2852 1538 2892 radiatim
1568 2849 1657 2889 dis-

115 2927 284 2977 positis,
315 2924 497 2976 tnserz'us
529 2936 550 2966 e
582 2924 741 2966 cellulis
774 2923 978 2973 elonqale's
1010 2923 1308 2962 constructum.
