1895 3208
60 145 382 193 Arthrocardia.
475 148 713 192 Communem
733 149 905 205 (accron.
927 148 1174 201 ARESCHJ.
1482 153 1574 193 549

60 285 104 322 ad
143 286 309 322 nostram
350 282 589 332 Ampliiroam
627 286 785 333 propter
829 283 989 321 fructum
1032 284 1284 333 frondemque
1321 283 1577 322 dicliotomam

59 359 268 397 retulimus.

165 456 316 505 Species
347 456 456 503 hujus
487 456 637 504 generis
667 456 849 507 plurimae,
879 456 1003 505 quoad
1035 457 1294 506 innotuerunt,
1325 455 1576 504 licinisphaera}

56 530 206 568 australi
238 529 349 578 privae
379 533 477 580 sunt,
507 530 551 567 ad
584 530 708 568 littora
740 530 913 581 Brasiliae,
943 530 1071 568 Africre
1089 530 1271 580 australis,
1289 541 1450 568 necnon
1468 534 1576 569 Novoe

55 604 258 643 llollandiae
298 606 413 642 metm,
479 605 563 642 Sola
601 607 638 642 Α.
677 605 936 656 frondescens,
974 604 1003 641 si
1035 604 1078 641 ad
1111 616 1229 652 genus
1260 615 1348 642 vere
1378 605 1577 656 pertineat,

57 679 311 728 hemisphaerae
343 679 506 716 borealis
538 678 670 717 incola.

62 848 108 887 l?
139 851 175 887 Α.
207 856 446 886 rnoxnescexs
488 847 609 892 (Post.
651 850 688 884 ec
731 846 853 894 Rupr.
891 845 1043 885 Illzcstr.
1078 857 1116 894 p.
1155 845 1204 883 20
1242 850 1268 884 t.
1308 847 1383 885 XL;
1414 846 1443 896 f.
1481 848 1576 895 403)

165 924 302 962 fronde
333 923 450 960 dense
481 922 673 970 crespitosa
705 921 838 969 pusilla
876 921 1175 970 subpyramidata
1205 932 1224 958 a
1255 921 1333 958 basi
1363 923 1579 961 subtriclio—

166 1004 268 1036 tome
316 998 464 1047 pinnata
510 996 659 1034 inferne
706 995 815 1032 tereti
860 1006 1025 1044 superne
1070 997 1578 1047 compresso-complanata,

163 1072 328 1110 articulis
364 1070 500 1109 mediis
531 1069 972 1108 deltoideo-obeordatis
1003 1068 1097 1106 lobis
1129 1069 1341 1118 putentibus
1371 1071 1578 1108 subtereti-

162 1148 292 1198 acutis,
308 1145 570 1196 superioribus
600 1144 1082 1192 cuneato-triangularibus
1107 1144 1202 1182 iobis
1220 1146 1468 1194 complanatis
1485 1146 1578 1183 sul>—

164 1222 343 1262 truncatis
386 1220 543 1258 articulo
588 1218 884 1268 superimposito
926 1219 1096 1267 margine
1146 1219 1355 1271 adpressis,
1402 1221 1578 1260 omnibus

162 1299 291 1336 medio
323 1294 722 1335 subelevato-costatis
754 1296 790 1331 et
819 1293 1047 1331 subzonatis.

146 1387 316 1420 Corallina
342 1385 573 1419 frondescens
599 1382 692 1416 Post.
719 1384 756 1415 et
777 1381 885 1426 Rupr.
911 1382 931 1416 l.
962 1392 991 1416 c.

164 1470 249 1508 Hal).
281 1469 326 1507 ad
357 1469 481 1506 littora
514 1467 642 1504 insulae
674 1467 907 1505 Unalascliliae
941 1466 1069 1513 (llerb.
1100 1468 1190 1505 Mus.
1222 1469 1431 1517 Petropol.)

146 1558 357 1601 Specimina,
395 1566 472 1599 quae
511 1565 628 1589 corum
668 1556 778 1588 oculis
815 1555 1003 1599 habemus,
1042 1555 1158 1589 forsan
1198 1565 1266 1589 non
1300 1558 1389 1590 inter
1428 1560 1577 1592 maxima

52 1618 221 1660 habenda,
255 1618 313 1649 vix
345 1616 536 1658 pollicaria.
591 1614 698 1648 Frons
730 1623 840 1657 usque
872 1624 890 1647 a
922 1615 997 1647 basi
1029 1617 1148 1658 potius
1184 1615 1390 1648 trichotome
1422 1617 1575 1660 pinnata,

53 1678 182 1710 coloris
210 1674 558 1716 viridi-albescentis,
585 1682 652 1716 quo
679 1675 840 1715 superius
868 1682 908 1706 eo
936 1675 1039 1706 etiam
1067 1675 1178 1714 magis
1203 1683 1404 1716 compressa
1432 1677 1578 1708 etcom-

52 1737 202 1778 planata.
258 1734 307 1766 De
339 1735 458 1766 cetero
485 1741 503 1765 a
530 1733 699 1775 sequente
731 1734 788 1765 vix
820 1733 886 1765 nisi
921 1732 1124 1765 difficillime
1163 1732 1425 1765 characteribus
1452 1734 1579 1767 distin-

53 1795 180 1834 guitur.
230 1792 462 1824 Articulorum
489 1790 599 1824 forma
627 1793 659 1824 in
689 1793 836 1833 utraque
862 1791 982 1832 specie
1009 1790 1080 1823 sere
1107 1791 1240 1834 eadem,
1256 1792 1318 1824 sed
1333 1791 1444 1825 bacin
1459 1795 1578 1834 specie

53 1861 157 1895 quam
194 1852 228 1884 in
265 1852 435 1893 sequente
469 1850 576 1883 multo
610 1851 773 1893 minores,
809 1852 889 1883 sunt
914 1850 1112 1882 millimetro
1138 1858 1260 1891 parum
1287 1850 1427 1883 latiores
1454 1851 1475 1883 l.
1500 1852 1578 1884 lon-

54 1912 180 1951 giores.
235 1908 549 1942 Fructitioationem
582 1909 685 1950 plane
717 1909 845 1941 nullam
872 1910 1080 1951 invenimus,
1107 1911 1145 1940 ut
1170 1917 1212 1940 an
1238 1908 1316 1953 huc,
1343 1918 1410 1951 quo
1435 1911 1578 1952 propter

53 1967 315 2002 similitudinem
351 1976 430 2000 cum
462 1969 632 2010 sequente
671 1969 850 2000 externam
889 1968 1085 2010 posuimus,
1112 1975 1192 1999 vere
1218 1968 1402 2010 pertineat,
1430 1970 1578 2002 conten-

53 2028 136 2061 dere
162 2035 229 2060 non
256 2026 415 2060 velimus,

54 2189 89 2228 2.
120 2193 155 2228 A.
187 2198 344 2228 ΡΑωιΑΤΑ
377 2189 470 2236 (Ell.
504 2194 541 2228 et
573 2188 651 2228 Sol.
680 2200 717 2238 p.
754 2187 826 2226 448
859 2192 882 2227 t.
914 2187 960 2225 21
995 2186 1057 2236 [ἴῃ.
1090 2203 1128 2228 α.
1159 2188 1210 2235 Α]
1249 2188 1415 2240 robusta,
1446 2189 1578 2226 multi-

163 2276 265 2315 ceps,
297 2265 432 2302 lronde
464 2264 540 2302 basi
572 2263 752 2302 subtereti
783 2273 870 2300 mox
902 2263 1385 2312 compresso-complanata
1417 2263 1577 2301 nudius-

164 2339 437 2389 culo-stipitata
480 2338 587 2388 apice
631 2337 857 2375 densissime
899 2336 1374 2383 corymboso-dicliotome
1414 2337 1578 2387 pinnata,

164 2414 289 2462 pinnis
319 2413 561 2462 pinnulisque
592 2410 868 2449 subimbricutis
900 2410 921 2448 l.
941 2409 1578 2459 plano-superimpositis,articulis

164 2486 406 2525 interioribus
436 2486 648 2534 mediisque
680 2485 847 2533 stipitum
885 2484 1100 2523 obcordatis
1131 2486 1152 2522 1.
1184 2483 1578 2521 subobrenisormibus

165 2559 548 2608 obtuse-sublobatis,
577 2557 839 2608 superioribus
869 2559 941 2595 late
975 2557 1189 2595 obcordatis
1213 2557 1308 2595 lobis
1326 2558 1578 2596 subterelibus

165 2637 186 2673 l.
219 2634 537 2682 subcomplanatis
566 2633 683 2670 acutis
714 2633 735 2669 l.
768 2631 924 2682 obtusis,
954 2631 1118 2669 articulis
1149 2631 1324 2669 omnibus
1342 2632 1577 2679 longitudine

165 2708 378 2746 distantiam
424 2706 598 2745 loborum
645 2705 948 2754 subaequantibus
993 2706 1014 2742 l.
1061 2705 1196 2743 eadem
1240 2705 1355 2754 duplo
1400 2706 1576 2757 breviori,

166 2782 370 2832 apicalibus
402 2781 473 2817 late
504 2779 673 2817 obovatis
702 2779 905 2829 subplanis.

148 2870 319 2903 Corallina
356 2869 505 2911 palmata
544 2866 605 2901 ΕΗ.
645 2869 678 2901 ec
713 2866 783 2901 Sol.
821 2867 841 2901 l.
879 2877 909 2901 c.
950 2865 1115 2900 Lamour.
1150 2865 1236 2902 Ilisl.
1269 2868 1340 2902 des.
1367 2868 1435 2903 Pol.
1459 2868 1575 2913 sleaeib.

53 2938 88 2972 p.
113 2929 190 2961 ⁶294.
