1895 3208
252 158 344 198 493
885 150 1149 201 SQUAMARIEAE.
1485 150 1792 196 Hcematoeelis.

249 287 285 325 2.
318 290 356 324 ll.
388 292 592 323 maassiae&
626 280 825 328 [Cromen.
863 286 1004 330 mser.)
1050 284 1187 321 fronde
1233 284 1412 321 coccinea
1444 286 1622 324 crassiori
1653 286 1790 325 aretis-

362 354 456 391 sime
487 352 634 402 adnata,
667 351 737 388 filis
768 350 959 388 sterilibus
992 351 1315 399 subcylindraceis
1346 352 1555 389 arctissime
1587 353 1791 403 concretis,

359 419 619 457 nematlieciis.
653 450 660 457 .

341 493 657 529 Hildenhrandtia‘?
683 494 872 536 parasitica
900 493 1058 527 Crouan.
1085 503 1193 527 mser.

359 567 446 605 llab.
479 566 524 603 ad
556 567 682 603 caules
713 565 933 612 cystoseiroe
965 565 1111 603 fibrosae
1146 576 1265 614 prope
1300 568 1402 602 Brest
1431 566 1649 614 (Crouanl).

342 644 498 677 Stratum
525 643 825 684 subspongiosum
852 643 1060 675 coccineum
1087 642 1192 674 latius
1219 650 1426 684 expansum,
1452 642 1518 675 tilis
1545 644 1790 685 cylindraceo-

250 705 394 737 clavatis
431 701 660 735 verticalibus
692 700 764 732 sere
792 701 902 732 totum
930 701 1174 733 constitutum.
1223 699 1295 731 Fila
1321 699 1551 732 horizontalia
1578 700 1790 743 dichotoma,

250 763 386 796 cellulis
415 761 590 802 angulatis
617 759 828 802 constantia,
856 759 995 801 adsunt,
1035 761 1070 791 at
1097 767 1176 791 mox
1205 758 1462 791 adscendentia
1488 762 1522 792 et
1546 760 1581 792 in
1609 760 1664 792 fila
1692 760 1791 792 elon-

250 825 328 862 gata
370 821 548 855 verticalia
588 819 798 851 densissima
838 820 873 850 et
912 819 1111 850 arctissime
1150 819 1317 849 concreta
1345 818 1576 850 transeuntia.
1624 817 1708 849 Haec
1734 816 1789 849 iila

247 879 431 912 verticalia
470 878 765 920 simpliciuscula,
811 877 947 909 cellulis
998 875 1304 916 rectangularibus
1344 876 1514 908 diametro
1554 875 1789 917 duplo-triplo

251 937 468 979 longioribus
504 937 712 978 composita,
746 944 765 967 a
797 936 984 977 superficie
1018 936 1091 967 sisa
1120 935 1235 967 minus
1261 933 1659 975 prismatico-angulata
1686 941 1790 975 quam

250 998 283 1029 in
311 994 555 1036 antecedente,
584 994 708 1026 cellula
736 993 910 1025 terminali
939 993 1402 1034 cylindraeco-subclax‘ata.
1453 991 1602 1025 Fructus
1627 992 1748 1032 ignoti.

344 1054 491 1096 Species
528 1052 667 1084 videtur
704 1053 758 1084 sui
791 1051 880 1092 juris
920 1052 954 1083 et
992 1050 1094 1092 liujus
1134 1052 1285 1092 generis,
1324 1052 1477 1083 attamen
1517 1049 1632 1082 fructu
1671 1050 1790 1090 ignoto

250 1112 406 1145 nondum
447 1112 553 1143 certa.
616 1109 743 1143 Habitu
778 1113 813 1142 et
838 1110 915 1142 loco
942 1110 1048 1143 natali
1079 1118 1158 1143 cum
1185 1109 1384 1142 Contarinia
1412 1111 1586 1153 convenit,
1614 1111 1790 1142 structura

250 1171 502 1203 diversissima.

250 1293 796 1341 3.11.scuors1³0i:1(J.Ay.
838 1295 975 1338 mser.)
1025 1292 1162 1329 fronde
1208 1291 1415 1340 sanguinea
1460 1293 1636 1331 crassiori
1682 1292 1791 1331 orbi-

361 1364 492 1414 culari,
524 1362 696 1410 margine
736 1360 906 1398 radiante
937 1360 1143 1409 sublibera,
1175 1360 1402 1398 verticaliter
1432 1364 1579 1411 zonata,
1610 1361 1679 1398 tilis
1709 1364 1791 1398 ste-

363 1431 496 1469 rilibus
537 1429 672 1467 crassis
711 1428 1035 1475 subcylintlraceis
1066 1427 1277 1465 arctissime
1309 1428 1512 1478 concretis,
1541 1427 1791 1465 nematlieciis

360 1498 644 1547 spliserosporas
677 1527 682 1534 .
717 1526 724 1533 .
758 1526 763 1533 .
798 1495 898 1532 inter
927 1498 1169 1543 paranemata
1202 1496 1343 1532 clavata
1376 1495 1601 1533 foventibus.

343 1584 648 1629 Erytliroclathrus
675 1583 894 1616 Scliousboei
921 1581 1051 1617 Licbm.
1079 1584 1116 1617 in
1141 1581 1249 1626 Isroy.
1281 1581 1412 1617 Tidslcr.
1439 1584 1527 1617 ’1839
1548 1593 1584 1627 p.
1608 1582 1697 1616 1175?

343 1642 617 1686 Peyssonnelia‘?
645 1643 830 1674 crustacea
856 1640 1014 1674 Crotum.
1041 1650 1150 1676 mser.

344 1701 576 1743 Cliaetopliora
603 1700 724 1743 pellita
749 1698 917 1733 Scleousb.
944 1698 1029 1734 Ha!

362 1783 449 1821 llab.
484 1782 520 1820 in
553 1794 700 1820 oceano
746 1782 923 1820 atlantico
969 1782 1014 1819 ad
1061 1782 1163 1820 littus
1207 1782 1448 1830 Tingitanum
1493 1782 1791 1831 (Scliousboel);

250 1863 371 1901 prope
401 1854 507 1890 Brest
538 1851 763 1896 (Crouanl).

342 1940 452 1973 Frons
492 1941 689 1981 crustacea,
728 1937 862 1971 ambitu
900 1937 1098 1981 rotundatu,
1138 1939 1173 1970 in
1213 1938 1311 1971 disco
1345 1938 1486 1972 demum
1514 1941 1668 1972 crassior
1695 1942 1791 1977 atro-

251 1999 454 2040 sanguinea,
493 1998 650 2037 margine
691 1997 851 2029 tenuiore
891 1996 1071 2039 dilutiore,
1111 1995 1352 2028 exsiccatione
1390 1997 1656 2032 subreciirvato-.
1720 1998 1791 2031 Fila

250 2056 479 2088 liorizontalia
519 2057 666 2087 stratum
709 2055 938 2097 constituunt,
973 2062 1076 2095 quam
1104 2055 1137 2086 in
1167 2054 1460 2088 antecedentibus
1487 2057 1594 2089 multo
1624 2057 1792 2099 crassius,

251 2115 415 2147 deorsum
455 2113 671 2155 radicantia,
711 2122 852 2145 sursum
890 2112 945 2144 tila
984 2113 1165 2145 verticalia
1210 2114 1417 2147 emittentia.
1491 2115 1562 2147 Fila
1600 2115 1677 2148 hirc
1715 2114 1791 2147 basi

251 2172 520 2214 adscendentia,
562 2180 642 2203 mox
680 2172 821 2203 omnino
862 2172 997 2213 erecta,
1039 2172 1139 2212 quasi
1179 2180 1285 2204 zonas
1325 2174 1522 2204 monstrant
1558 2172 1745 2214 plurimas,
1773 2179 1791 2202 a

252 2229 468 2270 longitudine
494 2229 733 2272 articulorum,
761 2229 886 2261 eodem
913 2229 1016 2270 plano
1044 2228 1250 2262 horizontali
1279 2231 1554 2272 terminantium,
1581 2231 1790 2273 pendentes.

249 2290 395 2322 Articuli
434 2290 467 2321 in
500 2290 565 2321 silis
593 2288 717 2319 vicinis
745 2296 762 2319 e
790 2288 933 2327 regione
966 2288 1083 2329 positi,
1113 2289 1145 2319 in
1174 2297 1240 2320 una
1266 2297 1353 2321 zoua
1381 2289 1587 2321 liorizontali
1613 2289 1790 2329 longiores

250 2356 355 2388 qoam
383 2348 416 2379 in
444 2348 563 2390 altera,
601 2347 808 2388 plerumque
843 2345 1013 2379 diametro
1041 2346 1212 2387 2-34p10
1241 2346 1437 2388 longiores·⁷
1464 2355 1561 2388 saepe
1587 2356 1684 2380 zonoe
1713 2348 1789 2379 lon-

251 2406 408 2446 gioribus
436 2406 593 2438 articulis
627 2407 831 2438 constitutae
865 2414 932 2437 una
960 2405 1013 2436 vel
1040 2405 1148 2436 altera
1176 2405 1333 2437 articulis
1360 2405 1592 2447 lirevissimiS,
1620 2405 1790 2437 diametro

251 2465 307 2496 vix
334 2462 566 2507 longioribus,
594 2465 778 2496 constante
806 2464 1013 2505 interruptae
1041 2462 1287 2495 observantur.
1314 2462 1594 2496 Endocliromata
1625 2463 1658 2494 in
1672 2462 1790 2504 planta

252 2523 351 2556 senili
393 2524 534 2555 omnino
576 2522 832 2561 rectangularia
873 2521 1054 2563 adparent,
1093 2523 1127 2553 et
1165 2530 1182 2553 e
1209 2521 1429 2554 sectionibus
1469 2521 1685 2553 tenuissimis
1723 2520 1790 2551 nii—

252 2581 437 2621 rroscopio
464 2579 635 2620 subjectis
663 2580 766 2612 facile
794 2579 992 2612 elabuntur.
1048 2578 1274 2612 Nematliecia
1311 2588 1418 2621 supra
1444 2580 1608 2621 paginam
1635 2578 1788 2610 sterilem

250 2638 319 2669 late
360 2647 527 2681 expansa,
568 2638 633 2669 iilis
674 2639 818 2670 clavatis
857 2638 1030 2678 elongatis
1066 2638 1275 2679 constituta,
1305 2638 1338 2669 in
1366 2638 1495 2670 nostris
1522 2636 1789 2678 sphaerosporas

252 2695 365 2726 nullas
393 2695 473 2727 vidi.
525 2695 726 2737 l'eriplieria
756 2696 890 2728 l'rondis
917 2696 1047 2728 sterilis
1073 2696 1140 2728 silis
1168 2697 1308 2728 constat
1334 2704 1415 2728 cum
1442 2693 1667 2727 verticalibus
1683 2702 1790 2734 supra

252 2753 440 2794 descriptis
468 2754 773 2797 convenientibus,
801 2757 835 2787 at
860 2754 1100 2796 brevioribus,
1127 2754 1203 2787 baec
1231 2755 1264 2787 iu
1291 2753 1540 2795 membranam,
1573 2751 1718 2793 perinde
1749 2761 1788 2783 ac

252 2810 285 2841 in
312 2810 570 2855 l‘eyssonnelia,
597 2812 689 2844 haud
716 2812 933 2845 coalescunt.

346 2870 490 2910 Species
518 2872 573 2903 vix
600 2870 705 2903 dubia
733 2870 835 2912 liujus
864 2873 1016 2914 generis,
1044 2870 1163 2903 babitu
1191 2872 1226 2903 et
1252 2870 1413 2903 crassitie
1439 2867 1711 2910 l‘cyssonneliae,
1726 2867 1789 2900 sed

254 2926 427 2958 structura
467 2928 548 2970 alia·⁷
590 2928 656 2961 lioc
695 2930 861 2970 respectu
900 2937 978 2962 cum
1021 2927 1314 2962 antecedentibus
1341 2920 1530 2969 'speciebus
1560 2926 1788 2959 conveniens.
