1895 3208
284 124 377 166 706

374 256 599 290 Microcladia
625 252 830 293 glandulosa
857 252 951 287 Post.
979 254 1011 286 et
1035 252 1143 297 Rupr.
1169 253 1304 288 Illustr.
1326 266 1362 299 p.
1391 257 1432 290 45
1459 256 1589 301 (quoad
1615 261 1780 302 partem.)

374 314 509 347 Deless.
536 312 741 353 glandulosa
767 312 826 356 Ay.
851 312 908 356 Sp.
934 310 1006 356 Aly.
1031 312 1062 346 Ι.
1084 323 1120 356 p.
1144 315 1208 346 482
1235 314 1347 357 (quad
1362 324 1414 358 sp.
1430 315 1646 350 Kamtschat..
1661 319 1819 361 partim).

391 385 480 422 llab.
524 384 561 421 in
602 394 749 422 oceano
790 384 931 424 arctico
975 384 1020 422 ad
1063 385 1358 424 Kamtschalkam
1396 389 1687 434 (wormskioldl
1726 393 1818 429 Mus.

280 452 447 502 Petrop.)

370 530 526 564 Frondes
564 531 707 563 circiter
742 529 982 574 bipollieares,
1023 532 1262 565 millimetrum
1297 533 1481 567 latitudine
1507 534 1600 568 baud
1626 539 1819 580 aequantes,

276 591 390 631 primo
430 591 576 631 aspectu
614 588 796 621 filisormes
835 589 1006 631 videntur,
1034 591 1140 623 ramis
1167 599 1452 633 quoquoversum
1485 594 1759 639 egredientibus,
1787 599 1821 629 at

277 659 397 682 revera
433 658 477 682 ex
513 649 616 682 tereti
649 656 877 691 compressae,
912 649 1018 681 ramis
1045 657 1089 682 ex
1114 648 1341 690 submargine
1367 651 1517 685 disticbe
1543 653 1820 693 egredientibus.

275 707 373 740 Rami
412 707 608 749 ramulique
647 708 758 750 mixti,
794 708 870 739 sine
898 706 1020 739 ordine
1050 709 1138 748 vagi.
1187 707 1281 741 Rami
1310 712 1483 752 patentes.
1533 711 1667 745 Ramuli
1693 715 1819 755 paten-

275 768 414 811 tissimi,
444 763 550 810 'ss-4
582 766 710 798 lineam
736 766 841 808 longi,
869 767 1065 807 sparsiores
1093 769 1152 800 aut
1177 766 1234 800 hic
1261 768 1329 801 illic
1356 772 1547 814 aggregati,
1574 780 1593 803 a
1620 771 1695 804 basi
1721 781 1820 805 cras-

275 827 368 858 siore
395 826 431 858 in
456 826 595 868 apicem
620 828 761 857 acutum
788 826 922 857 sensim
949 827 1131 859 attenuati.
1182 826 1407 869 Cystocarpia
1424 831 1639 873 marginalia,
1661 831 1703 864 ad
1719 831 1819 864 basin

275 893 453 917 ramorum
490 885 681 926 sparsiora,
723 883 765 915 ad
794 884 914 925 apices
958 892 1054 926 saepe
1088 889 1277 925 aggregata
1304 891 1339 919 et,
1364 887 1410 919 ita
1438 888 1626 930 aliquando
1654 889 1762 922 densa
1789 891 1826 922 ut

274 943 468 983 glomerata
504 944 764 985 nuncupentur,
803 943 838 974 et
866 944 951 975 rami
990 942 1090 975 valde
1124 944 1317 986 inaequales
1349 946 1515 990 evadant3
1542 951 1626 980 sunt
1650 948 1824 989 spbaerica

274 1003 476 1035 crassitiem
502 1001 636 1035 frondis
664 1002 721 1033 vix
747 1003 924 1043 aequantia
950 1002 1040 1034 intra
1069 1004 1306 1045 pericarpium
1333 1006 1437 1038 tenue
1453 1006 1660 1039 cellulosum
1675 1008 1823 1040 nucleo-

273 1057 326 1092 los
353 1059 484 1104 plures,
511 1060 578 1092 filis
601 1060 782 1093 sterilibus
798 1060 840 1093 ad
853 1062 1094 1102 pericarpium
1111 1063 1268 1095 extensis
1291 1066 1486 1106 separatos,
1502 1064 1669 1098 foventia.
1696 1066 1823 1107 Splue-

274 1126 433 1161 rosporae
468 1120 502 1152 in
542 1105 685 1152 ramulis
721 1120 928 1152 incrassatis
955 1121 1145 1163 immersae,
1174 1122 1359 1154 eruciatim
1387 1123 1522 1156 divisae.
1573 1123 1614 1156 Ut
1635 1123 1706 1165 Jam
1732 1124 1821 1156 bene

273 1176 476 1211 observavit
513 1177 710 1221 Ruprecbt,
751 1178 1013 1220 sphaerosporae
1052 1179 1240 1221 aliquando
1280 1182 1435 1213 zouatim
1474 1181 1597 1215 dix'isae
1637 1185 1820 1224 apparent.

272 1234 349 1277 Ipse
383 1235 653 1278 sphaerosporas
689 1239 725 1269 et
755 1237 996 1277 irregulariter
1021 1239 1174 1270 zonatim
1202 1241 1238 1271 et
1263 1240 1448 1273 eruciatim
1475 1240 1605 1273 divisas
1633 1241 1668 1273 in
1698 1241 1821 1274 eadem

272 1295 430 1327 sectione
456 1294 591 1328 frondis
618 1295 706 1338 vidi,
732 1296 937 1328 normaliter
962 1305 1045 1329 vero
1072 1297 1256 1329 eruciatim
1284 1297 1416 1331 divisas
1443 1299 1562 1332 credo.

365 1352 448 1386 Haec
481 1355 633 1397 species,
661 1363 877 1396 magnopere
904 1354 1064 1399 confusa,
1092 1365 1110 1388 a
1136 1355 1350 1398 Ruprechtio
1376 1357 1530 1399 primum
1557 1358 1622 1390 rite
1649 1358 1819 1391 illustrata

271 1411 346 1445 suit.
395 1413 419 1444 A
448 1411 638 1445 Mertensio
668 1414 810 1445 nomine
838 1414 1009 1455 peculiari
1037 1415 1222 1458 instructa,
1249 1424 1423 1458 nusquam
1450 1416 1603 1449 definita.
1630 1415 1819 1458 C.Agardh

272 1473 376 1512 atque
402 1469 537 1503 Postels
564 1473 600 1504 et
624 1470 805 1513 Ruprecht
832 1481 910 1505 cum
936 1472 1164 1505 Microcladia
1192 1472 1376 1506 confusam
1402 1475 1497 1507 illam
1524 1478 1657 1508 tantum
1685 1484 1819 1517 coguo-

270 1533 408 1563 verunt.
459 1530 536 1573 Ipse
564 1531 722 1572 speciem
750 1530 894 1564 distinxi
923 1534 958 1564 et
983 1531 1189 1565 affinitatem
1217 1541 1297 1565 cum
1323 1533 1561 1566 Rhodomenia
1593 1534 1736 1566 cristata
1754 1535 1817 1566 rite

270 1588 434 1632 indicavi,
461 1588 524 1621 sed
552 1597 632 1622 cum
658 1590 778 1631 planta
804 1589 980 1639 Lyngbyei
1014 1590 1204 1623 admodum
1232 1591 1372 1626 diversa
1398 1593 1588 1627 identicam
1615 1594 1817 1635 suspicatus

271 1656 360 1691 sum,
389 1648 424 1680 et
450 1647 565 1680 eidem
591 1657 720 1682 nomen
746 1649 1022 1692 inopportunum
1049 1650 1097 1682 ita
1123 1649 1242 1683 tribui.
