1895 3208
304 162 358 202 61
372 163 397 203 2
879 159 1262 204 SrHAERococcomEAE.
1541 161 1833 207 Melantlzalia.

302 296 507 344 fastigiatis,
549 295 607 332 liic
643 294 719 332 illic
755 295 966 332 constrictae
1007 299 1043 332 et
1073 308 1090 333 a
1131 296 1303 334 strictura
1345 297 1611 350 prolilicantes,
1656 299 1832 337 frondem

301 363 496 411 abruptam
536 362 814 400 continuantes,
879 364 1011 412 Apices
1054 364 1214 401 truncati
1246 368 1283 401 et
1313 365 1417 413 quasi
1449 367 1616 405 molliori
1645 367 1737 414 jugo
1770 371 1832 403 ut-

302 432 435 478 rinque
482 431 626 467 clevato
672 430 873 468 terminati.
946 433 1059 470 Color
1104 433 1295 469 exsiccatae
1341 433 1485 471 frondis
1525 435 1744 483 nigrescens
1776 435 1831 470 vel

299 499 395 535 infra
439 498 566 547 apices
614 498 987 537 livido-luscescens.
1061 499 1272 538 Substantia
1318 500 1447 551 firma,
1490 501 1664 540 coriacea
1708 501 1832 550 potius

298 576 410 613 quam
443 566 696 615 cartilaginea.

409 658 619 693 structura:
665 656 799 706 triplex
845 658 925 695 fere
970 660 1127 696 stratum
1165 660 1270 697 frons
1310 659 1471 697 dissecta
1503 660 1622 698 offert.
1683 659 1831 697 Cellulae

296 735 406 761 axem
446 724 721 762 constituentes
763 726 960 776 elongatae‚
999 727 1452 776 liexagono-prismaticae
1495 730 1532 764 et
1561 727 1834 775 subcontiguw,

296 792 463 839 granulis
505 791 732 840 sublivalinis
778 794 943 842 repletae.
1019 794 1079 831 llis
1122 794 1303 843 proximae
1343 799 1429 832 sunt
1470 796 1612 832 cellulae
1645 794 1833 843 prioribus

296 860 523 908 subsimiles,
566 864 603 898 at
641 860 849 911 breviores,
893 861 1100 910 parietibus
1138 862 1257 910 magis
1296 862 1473 900 flexuosis
1505 863 1627 900 forma
1657 861 1832 900 subirre-

297 928 458 977 gulares,
497 928 662 976 granulis
695 929 774 966 fere
805 929 1003 966 destitutae.
1071 930 1316 978 superficiale
1348 930 1514 977 denique
1545 933 1715 980 stratum,
1747 941 1832 967 cum

295 999 403 1032 :etate
442 996 561 1043 magis
600 996 793 1034 evolutum
826 1000 863 1033 et
894 1008 1075 1046 crassum,
1106 998 1251 1034 cellulis
1282 998 1436 1035 minutis
1469 998 1612 1035 cubicis
1643 997 1830 1035 densissi-

295 1063 366 1100 mis
397 1063 624 1101 verticaliter
656 1064 808 1102 radiatis
838 1068 998 1105 constat.
1056 1063 1243 1103 Coccidza
1271 1065 1374 1112 juxta
1407 1065 1596 1114 margines
1628 1065 1664 1102 in
1697 1066 1831 1114 pagina

294 1130 522 1181 (utraque?)
557 1133 712 1182 elevata,
743 1136 805 1169 aut
837 1144 923 1170 vere
954 1133 1172 1180 marginalia
1213 1133 1510 1183 licniispbaerica,
1541 1132 1648 1181 apice
1680 1133 1832 1170 mamil-

295 1201 384 1249 lata3
416 1200 672 1249 pericarpium
704 1211 871 1237 crassum
903 1202 1140 1251 cellulosum,
1173 1201 1317 1238 cellulis
1343 1201 1492 1238 radiatis
1510 1201 1611 1238 strati
1631 1201 1831 1239 exterioris

293 1268 539 1316 peculiariter
582 1268 720 1305 evoluti
766 1269 1038 1317 nonnullisque
1085 1268 1341 1306 concentricis
1372 1268 1476 1305 strati
1509 1268 1701 1305 interioris
1732 1279 1830 1305 con-

294 1337 448 1384 textum,
478 1334 586 1372 initio
618 1336 800 1385 clausum,
830 1335 985 1372 demum
1017 1335 1273 1384 carpostomio
1299 1339 1491 1384 apertum,
1510 1336 1680 1384 placenta
1697 1335 1831 1373 basalis

293 1403 352 1440 lila
390 1402 837 1441 clavato-moniliformia
869 1414 1181 1451 ‹pioquoversum
1214 1403 1394 1441 radiantia
1426 1403 1581 1441 demum
1613 1402 1831 1451 gemmidii-

296 1471 372 1508 fera
405 1471 600 1521 emittens;
632 1470 835 1519 gemmidia
868 1471 903 1508 in
936 1471 1102 1509 articulis
1134 1472 1284 1509 filorum
1314 1471 1632 1510 moniliformium
1659 1472 1830 1521 formala,

294 1538 605 1577 numerosissima
640 1538 816 1586 oblonga.
876 1539 1152 1589 Spluerosporze
1184 1539 1296 1578 bodie
1329 1539 1493 1578 necdum
1524 1539 1693 1588 cognitfe.

404 1632 529 1668 Genus
574 1630 662 1668 satis
706 1630 834 1668 forsan
881 1631 1064 1681 naturale,
1108 1631 1380 1680 spbzerosporis
1411 1630 1525 1668 bodie
1556 1629 1694 1680 ignotis
1724 1641 1828 1667 non-

293 1697 384 1736 dum
428 1699 586 1736 omnino
634 1699 789 1748 clarum,
835 1698 1015 1735 coccidiis
1058 1702 1095 1735 ct
1133 1701 1317 1736 structura
1357 1698 1568 1737 Gracilariae
1600 1697 1827 1748 proximum.

290 1769 470 1815 Aspectus
516 1776 604 1803 vero
651 1765 853 1815 peculiaris
897 1766 1183 1804 distinctionem
1224 1767 1440 1815 genericam
1471 1766 1635 1816 probare
1668 1766 1826 1804 videtur.

289 1834 422 1883 Apices
469 1834 663 1872 incrassati
709 1837 746 1870 et
791 1834 828 1871 ni
861 1835 969 1872 l'allor
999 1834 1159 1884 obliqui,
1199 1835 1235 1872 in
1268 1846 1339 1872 una
1373 1846 1511 1884 nempe
1546 1835 1677 1884 pagina
1710 1834 1828 1881 magis

291 1912 402 1950 quam
443 1901 481 1938 in
518 1902 632 1938 altera
674 1901 827 1950 evoluti,
872 1904 935 1938 aut
980 1901 1229 1949 vegetationis
1267 1902 1426 1940 modum
1456 1902 1689 1952 peculiarem
1722 1902 1827 1939 indi-

291 1972 389 2019 cant,
431 1971 495 2006 aut
538 1969 605 2006 lios
650 1968 806 2006 demum
850 1969 1123 2017 sl‘iliaerosporis
1168 1972 1408 2019 praegnantes
1446 1982 1530 2008 csse
1568 1970 1695 2008 forsan
1727 1979 1826 2007 con-

286 2036 407 2084 jicere
439 2036 537 2074 licet.

401 2117 536 2154 Plantae
575 2115 754 2153 al'linitate
794 2114 859 2153 diu
896 2115 1033 2166 dubiae,
1066 2128 1137 2154 una
1170 2118 1269 2155 inter
1300 2116 1551 2155 liliodomclas
1581 2117 1696 2154 altera
1729 2116 1827 2153 inter

289 2184 583 2233 Spliaerococcos
614 2183 659 2221 ab
690 2184 874 2232 Agardliio
907 2184 1089 2234 receptis3
1121 2198 1141 2223 a
1171 2184 1360 2223 Grovilleo
1392 2184 1469 2222 baec
1501 2185 1599 2222 inter
1629 2184 1825 2223 Cliondros

290 2258 524 2297 enumerata,
564 2251 627 2290 illa
667 2252 899 2301 perobscura
935 2253 979 2290 ad
1021 2253 1163 2290 calcem
1201 2252 1463 2302 dispositionis
1501 2253 1652 2300 rejecta.
1711 2255 1823 2290 illon-

290 2323 447 2368 tagneus
488 2323 525 2357 et
566 2322 646 2368 lpse
690 2320 770 2357 scre
812 2320 949 2357 eodem
989 2323 1162 2369 tempore
1194 2322 1256 2359 lias
1289 2320 1432 2370 plantas
1464 2320 1758 2358 examinavimus
1789 2324 1825 2357 et

290 2389 327 2425 in
358 2389 481 2427 fructu
513 2389 697 2439 capsulari
730 2390 897 2428 coccidia
944 2391 1179 2439 agnovimus.
1251 2392 1315 2428 llle
1346 2391 1501 2439 quidem
1536 2401 1675 2429 novum
1705 2401 1823 2438 genus

288 2460 374 2505 typo
407 2460 505 2494 Fuco
539 2458 712 2494 obtusato
746 2461 783 2494 et
813 2457 958 2505 adjecta
992 2469 1086 2496 nova
1118 2457 1246 2508 specie
1277 2458 1459 2508 condidit,
1491 2458 1591 2507 quod
1624 2472 1642 2496 a
1669 2458 1822 2497 llliodo-

288 2525 421 2562 meleis
453 2526 564 2574 longe
595 2525 786 2563 diversum
818 2524 952 2574 partim
985 2537 1068 2564 cum
1101 2527 1340 2575 (ji-ateloupia
1368 2526 1501 2576 partim
1521 2537 1604 2564 cum
1622 2525 1820 2564 (ji-acilaria
1870 2567 1872 2571 ,

289 2593 529 2642 comparavit.
603 2596 685 2642 lpse
722 2593 942 2631 aflinitatem
981 2605 1067 2631 cum
1099 2593 1336 2643 Acropeltide
1370 2594 1583 2642 llloutagnci
1613 2595 1820 2644 suspicatus

287 2671 383 2709 sum,
414 2663 526 2708 atque
559 2661 665 2710 lianc,
697 2672 769 2699 una
802 2672 887 2698 cum
918 2661 1177 2711 lllclautlialiis,
1208 2661 1419 2699 Gracilaria·
1451 2662 1662 2711 proximam
1693 2660 1818 2698 vindi-

288 2727 377 2765 cavi.
448 2728 566 2766 llodic
609 2728 729 2765 adbuc
771 2728 818 2764 de
857 2728 1036 2766 allinitate
1067 2729 1197 2766 barum
1230 2728 1399 2766 omnium
1432 2729 1636 2778 convictus,
1667 2728 1819 2766 casdem

288 2796 490 2847 proximas,
522 2799 685 2834 attamen
719 2795 755 2832 in
786 2795 943 2832 divorsis
975 2796 1180 2843 generibus
1213 2795 1481 2845 disponendas,
1513 2795 1705 2832 collocavi.

398 2877 535 2923 Genus,
576 2875 685 2922 quale
717 2887 734 2911 a
767 2877 993 2922 lllontagnco
1025 2874 1233 2925 conditum,
1277 2874 1419 2923 plantas
1451 2872 1713 2921 complectitur
1744 2884 1815 2911 au-

287 2941 508 2991 stralasicas,
540 2941 700 2980 invicem
732 2942 920 2991 proximas
953 2946 989 2980 ct
1018 2952 1116 2990 {egre
1147 2940 1423 2980 characteribus
1453 2939 1749 2988 distinguendas.
