1895 3208
88 153 488 200 IIelme'ncleoclade'a.
665 155 1042 199 Hssmiurruocmnaass.
1528 159 1620 199 413

89 295 206 330 Frons
239 291 479 328 teretiuscula
512 290 719 337 gelatinosa
752 300 1062 337 ‹pioquoversum
1096 299 1257 339 ramosa,
1288 288 1344 326 axi
1378 288 1524 337 filisque
1559 288 1620 325 in-

199 358 459 408 vestientibus,
491 361 647 395 stratum
680 359 903 394 continuum
937 356 1219 405 peripliericum
1239 356 1502 406 formantibus,
1521 367 1621 393 con-

198 427 342 476 stituta3
381 426 456 462 axis
496 426 564 462 tilis
606 425 763 462 ramosis
795 426 877 461 laxe
910 424 1122 461 intertextis
1154 422 1494 471 longitudinalibus
1525 422 1621 459 arti-

197 494 328 530 culatis
373 497 589 542 contextus3
630 495 687 530 lila
729 492 967 541 poripberica
1000 503 1019 528 a
1052 491 1121 528 tilis
1152 492 1229 528 axis
1260 490 1622 528 subborixoutalitor

197 560 446 610 egredientia,
489 560 727 608 dichotoma,
774 559 974 608 fastigiata,
1021 559 1181 595 invicem
1229 558 1357 595 libera.
1435 557 1620 595 Desme'o-

195 628 339 674 carpta
364 630 480 664 strato
512 626 752 676 peripherico
773 626 1036 675 subimmersa,
1054 625 1123 661 lilis
1141 624 1430 673 gemmidiiteris
1451 625 1622 674 plurimis

195 696 346 733 clavatis
376 706 394 731 a
427 697 568 743 puncto
606 693 763 731 centrali
802 693 1034 730 radiantibus
1066 693 1176 731 nudis
1207 693 1421 730 constituta.
1484 692 1622 740 Splaeoe-

196 773 388 810 rosporoe.
423 790 431 799 .
463 790 471 799 .
505 790 512 798 .

197 854 364 891 Frondes
397 854 549 900 teretes,
580 851 787 888 lateraliter
817 860 1128 898 quoquoversum
1149 850 1622 899 ramosae,decomposita»,

85 922 303 968 gelatinosae
347 922 385 956 et
426 918 592 965 lubricae,
623 918 680 954 axi
711 917 910 954 medullari
943 921 980 953 et
1010 919 1126 954 strato
1160 917 1402 965 periplierieo
1435 922 1619 955 constan-

84 994 152 1028 tes.
184 989 265 1027 Axis
297 990 444 1025 constat
474 987 544 1023 [ilis
577 986 695 1022 laxius
726 984 933 1034 dispositis,
966 984 1193 1035 cylindrieis,
1227 984 1413 1031 elongatis
1444 987 1481 1021 et
1507 986 1619 1032 longe

84 1055 302 1105 articulatis,
334 1053 507 1102 ramosis,
540 1052 653 1090 ramis
684 1052 765 1088 aliis
798 1051 1152 1100 longitudinalibus,
1183 1051 1265 1088 aliis
1296 1051 1341 1088 ad
1363 1052 1620 1100 periplieriam

83 1121 372 1160 excurrentibus
416 1124 453 1157 et
497 1120 533 1156 in
580 1121 638 1156 tila
685 1119 920 1168 peripherica
966 1118 1205 1156 abeuntibus.
1272 1118 1346 1156 Fila
1381 1119 1618 1168 periplierica

82 1190 289 1240 articulata,
327 1187 371 1226 ad
403 1188 603 1225 articulum
646 1197 840 1234 quemque
879 1186 1109 1236 dieliotoma,
1141 1186 1338 1236 fastigiata,
1370 1186 1414 1224 ad
1448 1186 1619 1233 genicula

83 1261 273 1295 contracta
308 1261 344 1294 et
374 1256 663 1305 monilisormia,
694 1254 882 1292 terminali
915 1254 1075 1291 articulo
1106 1254 1255 1301 majori.
1316 1257 1417 1291 Inter
1447 1255 1524 1291 lime
1551 1253 1619 1290 sita

82 1329 168 1363 sunt
199 1324 443 1372 cystocarpia,
486 1323 556 1360 tilis
587 1322 789 1360 constituta
822 1321 984 1372 clavatis,
1016 1333 1035 1358 a
1067 1325 1209 1370 puncto
1241 1321 1487 1372 radiantibus,
1518 1323 1619 1359 nulla

82 1394 277 1432 communi
309 1391 530 1430 membrana
562 1389 749 1441 cohibitis,
781 1401 825 1427 ex
855 1390 993 1439 quibus
1024 1390 1180 1427 demum
1212 1389 1414 1438 gemmidia
1434 1390 1619 1427 evolvun-

81 1465 152 1500 tur.
211 1461 488 1510 Spbaerosporae
520 1460 714 1507 hucusque
746 1458 895 1506 ignotae.

192 1528 322 1573 Quoad
362 1530 588 1564 structuram
628 1527 700 1563 boc
738 1537 857 1574 genus
890 1525 988 1563 inter
1019 1525 1344 1574 Gloiosipboniam
1378 1528 1415 1561 et
1445 1524 1618 1562 llelmin—

83 1596 227 1633 [boram
275 1594 547 1632 intermedium
593 1594 752 1631 videtur.
833 1596 995 1631 Stratum
1040 1593 1251 1630 medullare
1294 1593 1364 1630 tilis
1411 1593 1618 1630 admodum

81 1665 162 1701 laxe
193 1663 402 1713 dispositis,
441 1673 512 1699 nec
550 1665 676 1698 tamen
709 1661 839 1698 tubum
873 1661 1009 1698 axilem
1043 1660 1140 1698 illius
1171 1659 1323 1707 generis
1355 1660 1619 1708 formantibus,

80 1742 154 1768 nec
185 1742 270 1767 cum
302 1729 359 1766 axi
392 1729 576 1767 celluloso
609 1729 719 1776 liujus
751 1728 1063 1777 congruentibus,
1095 1727 1255 1775 insigne.
1315 1731 1460 1775 Organa
1481 1727 1618 1764 frueti-

80 1798 280 1846 sicationis,
325 1808 407 1845 quae
453 1795 540 1846 vidi,
586 1796 631 1832 ab
678 1795 750 1832 illis
781 1795 1078 1843 Gloiosipboniae
1110 1795 1216 1832 valde
1249 1794 1433 1832 recedunt
1465 1798 1501 1830 et
1532 1804 1617 1829 eum

80 1865 370 1913 desmiocarpiis
403 1864 671 1901 [lelmintborae
702 1866 814 1911 atque
846 1863 1077 1900 Nemalionis
1110 1863 1271 1900 omnino
1304 1862 1550 1899 conveniunt.

191 1935 317 1970 Genus
355 1932 427 1968 boc
466 1932 542 1977 Jam
583 1931 619 1968 in
651 1930 732 1979 Azy.
767 1930 865 1968 med.
895 1942 932 1978 p.
965 1930 1016 1967 85
1050 1930 1228 1979 indicavi,
1262 1931 1426 1968 Plantam
1459 1929 1617 1978 typicam

79 2000 298 2048 Mesogloiae
343 2003 380 2037 et
424 1999 634 2037 bumontiae
679 1998 980 2036 adnumerarunt
1021 1998 1133 2047 primi
1180 1997 1352 2044 ejusdem
1398 1997 1617 2046 descripto-

81 2079 159 2116 res3
191 2067 355 2104 Cliauvin
396 2067 432 2103 in
465 2065 714 2104 Reclzercltes
744 2076 818 2103 sur
851 2063 963 2113 l'ory.
993 2076 1031 2113 p.
1064 2063 1114 2102 57
1148 2065 1249 2102 illam
1281 2065 1494 2103 Nemalioni
1527 2065 1615 2102 viu—

80 2135 208 2172 dicare
255 2133 385 2184 voluit,
431 2143 506 2182 quo
552 2135 638 2171 loeo
682 2145 698 2170 a
741 2137 894 2183 Harvey,
938 2133 1000 2181 qui
1044 2135 1153 2170 antea
1185 2132 1285 2169 illam
1318 2132 1617 2181 cloiosiphoniae

79 2202 194 2239 dubie
234 2204 414 2240 retulerat
459 2201 576 2246 [List.
605 2213 645 2250 p.
678 2201 787 2248 XII),
830 2213 917 2239 eum
948 2201 1066 2239 dubio
1100 2201 1298 2239 retinetur.
1358 2200 1513 2248 Ktitzing
1545 2211 1616 2236 una

80 2279 165 2306 cum
197 2267 396 2318 speciebus
430 2270 710 2320 llelminthorfe,
743 2269 994 2315 Dudresnayze
1026 2271 1096 2306 etc.
1130 2269 1228 2306 inter
1261 2268 1482 2307 lN'emaliona
1515 2278 1616 2304 enu-

80 2339 214 2374 inerat.

85 2446 116 2485 4.
149 2450 187 2484 ll.
226 2450 382 2485 tlunsoxi
427 2447 514 2494 [Ay.
562 2447 662 2494 Sysc.
704 2457 744 2494 p.
792 2446 862 2494 50)
912 2445 1046 2484 fronde
1093 2446 1334 2484 teretiuscula
1383 2443 1618 2492 ianualiter

191 2513 340 2551 dilatata
372 2517 410 2551 et
440 2517 644 2564 contracta,
676 2526 766 2562 vage
798 2524 1108 2563 quoquoversum
1143 2526 1303 2564 ramosa,
1327 2513 1440 2551 ramis
1459 2513 1616 2550 tenuio-

191 2581 294 2618 ribus
326 2580 575 2628 cylindraceis
606 2580 839 2618 subclavatis.

174 2655 366 2698 Mesogloia
391 2656 547 2690 Hudsoui
580 2656 638 2701 Ay.
665 2656 685 2691 l.
714 2668 743 2690 c.
771 2657 880 2698 (excl.
905 2658 999 2699 syn.)

191 2728 277 2766 llab.
312 2729 348 2766 in
382 2739 527 2765 oceano
564 2727 744 2765 atlantico
774 2728 820 2766 ad
854 2729 978 2766 littora
1008 2727 1205 2776 Tingitana
1237 2724 1537 2776 (Scliousboel);
1569 2724 1615 2764 ad

81 2792 181 2831 littus
212 2795 337 2832 Galliae
368 2796 588 2844 (Crouanl).

172 2869 281 2903 Frons
310 2870 614 2915 3—4--pollicaris,
653 2872 892 2915 teretiuseula,
932 2871 1191 2912 (exsiccatione
1228 2871 1360 2913 saltim)
1396 2872 1616 2914 inmqualitcr

81 2930 262 2961 contracta
288 2931 323 2961 et
348 2929 502 2972 dilatata,
530 2929 588 2962 ubi
616 2929 718 2963 latior
743 2939 894 2972 pennam
922 2930 1099 2963 corx‘inam
1127 2938 1258 2962 crassa.
1292 2929 1614 2973 ltamicout'ormes,
