1895 3208
110 139 405 200 Nitophyllum.
682 139 1060 184 Srnissnococcomssffl.
1540 141 1598 183 66
1609 142 1628 181 1

202 274 353 308 Frondes
380 273 641 317 ramilicatione,
668 273 798 306 ambitu
827 275 861 305 et
886 273 1123 313 magnitudine
1149 281 1252 315 quam
1267 275 1416 307 maxime
1438 276 1554 318 variae,
1571 275 1632 308 sed

111 334 304 376 specimina
330 333 569 367 diversissima
597 333 715 366 formis
742 333 960 365 intermediis
987 334 1207 365 confluentia.
1263 333 1454 375 Aliquando
1481 334 1632 375 5-pedes

112 393 212 433 longa
250 394 284 424 et
325 392 343 424 3
384 393 451 425 lata
492 395 700 434 conspecta,
741 392 988 433 utplurimum
1029 392 1134 423 multo
1172 393 1299 435 minoi-3
1324 400 1402 426 var.
1429 403 1463 423 α.
1502 393 1632 434 smpius

111 451 412 494 2—-4-pollicaris,
450 451 639 487 segmentis
673 448 762 481 ‘2—-4
798 450 905 481 lineas
932 450 1020 492 latis,
1050 451 1195 490 repetite
1223 451 1432 493 dicliotoma‚
1460 450 1632 491 fastigiata

111 513 145 544 et
170 510 361 551 flabellata3
386 518 461 542 var.
487 512 520 551 β.
547 510 579 542 in
605 508 857 551 speciminibus
886 508 1072 549 majoribus
1101 511 1264 553 occurrit,
1293 518 1382 543 nunc
1400 508 1518 551 majori
1535 511 1633 550 parte

111 567 274 601 inferiore
311 568 472 611 simplici,
513 566 726 604 marginibus
764 568 932 608 pinnatim
974 568 1008 598 et
1039 570 1137 608 parte
1165 569 1344 609 superiore
1371 569 1550 611 palmatim
1576 570 1635 601 aut

111 628 348 667 irregulariter
387 627 524 668 incisis,
549 629 729 665 segmenta
757 625 858 667 liujus
890 626 1094 668 plerinnrpie
1122 626 1262 659 linearia
1290 630 1349 661 aut
1374 630 1532 671 cuneata,
1561 630 1632 660 ter-

109 684 294 718 minalibus
333 685 456 717 iterum
495 684 700 726 attenuatis,
739 683 923 725 aliquando
959 687 1137 724 segmenta
1165 685 1232 718 late.
1259 685 1404 719 obovata
1433 686 1632 720 obveniunt.

204 768 346 810 Species
374 767 464 810 duae,
490 766 532 798 ab
558 765 768 798 Auctoribus
796 765 1028 798 anterioribus
1055 767 1239 810 separatae‚
1255 767 1297 798 ab
1312 767 1487 808 Algologis
1503 768 1633 809 Angliae

108 827 210 860 bodie
238 829 362 860 iterum
390 825 660 866 conjunguntur.
715 823 813 856 Nulla
840 832 978 865 quoquc
1005 826 1122 856 exstat
1148 827 1239 867 nota,
1267 834 1334 866 qua
1362 824 1490 857 formas
1519 827 1552 858 in
1579 826 1632 858 di-

107 894 226 917 versas
263 885 402 926 species
438 882 566 915 referre
594 883 726 914 liceret.
777 881 901 914 Dicere
929 885 1042 914 tamen
1071 882 1176 925 lubet,
1205 882 1333 915 formas
1358 884 1633 917 mediterraneas

109 945 293 986 (quantum
327 942 410 983 xidi)
449 949 588 981 semper
615 949 684 972 var.
712 939 900 972 Ocellatam
931 942 1068 984 sistere,
1096 941 1227 974 ambitu
1254 951 1332 973 esse
1358 941 1574 975 orbiculares
1601 944 1635 974 et

107 1001 233 1033 eximie
271 998 700 1040 dichotomo—fastigiataS‚
743 1000 904 1040 serisque
945 999 1206 1032 rotundioribus
1247 1002 1455 1043 instructas,
1493 1001 1573 1034 dum
1600 1003 1632 1034 in

107 1058 359 1102 speciminibus
397 1059 572 1091 atlanticis
610 1057 785 1090 tendentia
825 1056 896 1089 fere
933 1059 1098 1090 constans
1138 1058 1219 1091 milii
1253 1059 1388 1091 videtur
1415 1060 1448 1091 in
1477 1058 1632 1093 frondem

105 1117 343 1159 irregulariter
368 1120 500 1150 sectam
526 1116 742 1149 transeundi.

208 1198 286 1233 Var.
312 1210 345 1242 y.
374 1201 502 1242 nostra,
542 1198 640 1240 cujus
677 1198 934 1239 plurimaw'idi
963 1207 980 1231 e
1008 1200 1092 1231 mari
1121 1199 1375 1234 mediterraneo
1404 1205 1439 1235 et
1464 1203 1632 1238 adriatico

107 1260 309 1302 specimina,
336 1258 491 1299 speciem
516 1258 693 1299 propriam
719 1256 942 1289 considerare
967 1266 1165 1299 propensus
1192 1268 1280 1291 sum.
1330 1260 1500 1303 Caespites
1527 1263 1635 1297 efficit

106 1317 415 1359 sesquipollicares
454 1315 507 1347 vel
546 1316 602 1347 vix
641 1315 881 1358 bipollicares,
927 1316 1142 1356 marginibus
1180 1306 1493 1353 concrescentibus
1531 1322 1634 1353 intri-

106 1378 215 1408 catos.
264 1374 418 1407 Frondes
445 1375 499 1406 vix
527 1382 608 1405 vere
634 1374 812 1417 stipitatae,
840 1376 1015 1407 cuneatim
1041 1384 1122 1407 vero
1149 1378 1349 1420 attenuatae,
1376 1385 1456 1410 mox
1482 1380 1526 1411 ita
1543 1378 1633 1412 dila-

106 1436 233 1478 tantur,
259 1436 297 1467 ut
323 1433 454 1466 ambitu
481 1433 553 1465 fere
581 1432 785 1465 reniformes
811 1433 970 1476 evadant,
996 1443 1147 1476 superne
1174 1435 1206 1466 in
1234 1435 1378 1467 lacinias
1404 1437 1553 1470 lineares
1576 1441 1634 1471 aut

105 1502 187 1526 mox
213 1495 380 1526 cuneatas
407 1494 442 1525 et
467 1493 591 1525 iterum
618 1492 746 1524 divisas
773 1492 1008 1534 palmatifidae.
1035 1492 1185 1525 Laciniae
1211 1493 1395 1526 inferiores
1421 1504 1527 1537 supra
1542 1497 1631 1529 axil-

106 1554 173 1586 lam
211 1553 337 1585 eximie
375 1551 595 1584 rotundatam
635 1554 904 1593 convergeutes,
938 1552 1138 1593 superiores
1175 1551 1497 1593 sub-divergentes.
1553 1553 1629 1587 Sori

106 1610 343 1652 magnitudine
382 1611 416 1642 et
454 1609 624 1652 adspectu
660 1608 700 1644 N.
726 1610 876 1652 ocellati,
910 1612 944 1642 at
970 1618 1091 1642 omnes
1117 1611 1150 1642 in
1177 1613 1368 1651 segmentis
1395 1613 1630 1654 antepenulti—

106 1680 171 1703 mis
210 1670 386 1711 aggregati
426 1671 461 1702 et
496 1669 653 1711 plurimi3
689 1669 724 1701 iu
762 1668 883 1702 fronde
922 1670 1038 1711 itaque
1076 1669 1253 1703 reniformi
1295 1672 1353 1703 aut
1389 1669 1630 1703 orbiculariter

107 1736 261 1770 expansa
287 1737 409 1760 zonam
437 1728 651 1760 fructiferam
678 1730 853 1769 occupant
879 1728 950 1760 fere
977 1728 1195 1761 circularem.
1233 1729 1395 1762 Coccidia
1422 1738 1483 1770 per
1508 1737 1628 1761 zonam

106 1787 254 1820 eandem
295 1786 465 1828 disposita
501 1789 592 1819 sunt.
657 1785 758 1818 Color
788 1787 898 1827 magis
924 1795 1120 1829 purpureus
1148 1795 1251 1829 quam
1279 1796 1413 1820 roseus,
1439 1805 1483 1810 -—
1509 1787 1630 1819 Forma

106 1846 181 1878 haec
218 1845 299 1878 mihi
333 1845 470 1878 videtur
494 1846 584 1878 iuter
608 1844 647 1877 N.
675 1845 859 1878 ocellatum
887 1848 921 1878 et
945 1844 984 1878 N.
1011 1845 1278 1878 Bonnemaisoni
1305 1847 1525 1888 intermedia,
1552 1855 1631 1879 cum

106 1905 170 1938 hac
208 1906 326 1947 specie
364 1905 528 1938 convenit
565 1904 795 1947 dispositione
834 1903 1020 1948 fructuum,
1058 1906 1135 1947 ipso
1176 1913 1255 1937 vero
1295 1905 1464 1947 adspectu
1497 1906 1565 1938 sori
1593 1903 1630 1937 N.

106 1964 291 1997 ocellatum
316 1963 433 1996 refert.

206 2044 284 2079 Var.
312 2042 357 2088 6.,
383 2054 487 2089 quam
521 2046 677 2087 speciem
712 2046 888 2088 propriam
917 2046 1143 2079 considerant
1168 2046 1236 2079 Cel.
1266 2045 1411 2088 Crouan,
1439 2047 1529 2079 inter
1555 2055 1631 2078 om-

107 2113 169 2137 nes
195 2113 212 2136 a
240 2103 360 2145 specie
393 2104 560 2145 primaria
599 2104 748 2136 maxime
789 2103 932 2146 abludit,
974 2104 1083 2136 forma
1116 2104 1267 2144 generali
1296 2103 1428 2137 frondis
1455 2106 1490 2137 et
1515 2104 1630 2136 colore

105 2163 235 2196 formas
273 2162 313 2195 N.
345 2162 492 2195 Gmelini
519 2161 589 2194 fere
618 2162 784 2195 referens.
835 2162 936 2195 Venae
962 2164 1077 2195 autem
1105 2171 1226 2195 omnes
1253 2162 1444 2195 desiderari
1472 2162 1630 2194 videntur

52 2251 57 2257 ,
106 2224 141 2255 et
177 2222 254 2254 sori·
290 2221 429 2253 omnino
468 2220 607 2253 diversi.
668 2220 939 2254 Ramificationis
979 2230 1098 2254 norma
1131 2224 1166 2254 et
1200 2221 1429 2263 dispositione
1456 2220 1631 2253 fructuum

107 2289 187 2314 cum
214 2289 284 2312 var.
310 2290 344 2322 γ.
371 2281 488 2312 nostra
515 2279 694 2322 convenit,
727 2280 863 2313 laciniae
890 2288 971 2313 vero
999 2289 1120 2313 omnes
1146 2280 1214 2312 late
1241 2278 1631 2319 cuneatc-reniformes,

105 2338 323 2379 longitudine
352 2335 457 2380 ’ΛΖ-4
488 2337 683 2380 pollicares,
711 2338 892 2371 latitudine
919 2339 1023 2381 duplo
1052 2337 1631 2381 majori,aperipheriaintrorsum

104 2397 261 2430 undulati
296 2398 331 2429 et
360 2396 479 2439 lobati,
511 2395 599 2429 lobis
631 2396 771 2429 demum
801 2399 835 2430 in
869 2398 1015 2430 lacinias
1049 2398 1256 2430 reniformes
1283 2395 1502 2429 abeuntibus.
1553 2393 1630 2426 Scri

107 2455 239 2488 ambitu
272 2456 463 2498 inaequales
497 2456 559 2496 (an
590 2455 656 2489 hoc
689 2458 823 2490 tantum
845 2456 1028 2498 juventute
1055 2459 1089 2489 et
1115 2457 1253 2489 demum
1280 2453 1514 2494 rotundum)
1543 2453 1630 2485 den—

107 2515 246 2546 sissime
273 2522 418 2557 sparsae‚
433 2523 538 2556 supra
561 2514 696 2547 discum
711 2517 970 2555 segmentorum
987 2515 1217 2547 terminalium
1233 2523 1354 2547 zonam
1370 2513 1630 2546 concentricam

107 2573 308 2606 formantes.
356 2572 491 2606 Recens
518 2574 551 2606 in
578 2582 665 2615 aqua
691 2574 783 2606 dulci
813 2573 972 2606 demersa
999 2573 1140 2606 odorem
1168 2573 1350 2604 alliaccum
1371 2572 1629 2612 (socerorum)

106 2632 251 2673 spargit.
312 2630 372 2664 Vix
410 2631 551 2664 dubium
587 2632 667 2665 milii
695 2633 831 2665 videtur
857 2633 940 2674 quin
967 2633 1012 2664 sit
1037 2631 1113 2664 hanc
1139 2632 1279 2672 species
1307 2630 1455 2674 diversa,
1482 2631 1524 2663 ad
1550 2639 1628 2663 oras

106 2691 239 2730 Angliae
277 2691 312 2722 et
349 2689 466 2723 Galiiae
505 2689 705 2734 obveniens,
733 2700 751 2723 a
778 2690 944 2733 I‘Iarveyo,
984 2691 1015 2722 ni
1056 2689 1165 2731 fallor,
1204 2690 1341 2721 nominc
1373 2688 1410 2721 N.
1441 2688 1629 2722 l‘ollexfcni

106 2750 257 2790 primum
301 2749 482 2791 insignita,
521 2748 658 2781 demum
697 2750 874 2783 varietatis
921 2749 996 2781 loco
1035 2747 1100 2780 sub
1139 2747 1176 2778 N.
1214 2749 1379 2788 punctato
1427 2749 1628 2781 memorata.

107 2808 293 2849 specimen
321 2817 338 2840 a
365 2807 519 2850 Harveyo
546 2808 566 2841 I.
593 2820 623 2843 c.
650 2808 718 2843 tab.
745 2808 867 2842 CCIII.
891 2806 947 2851 βψ
975 2808 993 2840 3
1020 2808 1196 2850 depictum
1222 2809 1276 2840 est
1300 2809 1409 2850 magis
1431 2809 1627 2847 elongatum

107 2874 210 2907 quam
235 2869 366 2910 nostra,
393 2875 470 2909 qua]
498 2868 530 2899 in
558 2866 677 2900 orbem
710 2869 879 2901 diametro
908 2867 1153 2907 ³2-pollicarem
1180 2873 1332 2907 expansa
1361 2869 1452 2900 sunt.
1479 2867 1628 2901 Lacinirc

108 2925 141 2956 in
167 2934 218 2966 sp.
247 2923 446 2968 Ilarveyano
474 2927 643 2968 cuneatae,
671 2926 704 2958 in
732 2927 862 2959 nostris
888 2925 998 2965 magis
1026 2924 1241 2956 renil‘ormes.
