1895 3208
52 164 293 223 Amphirou.
480 165 717 206 C‹›ii.u.i.mi‹:.›iz
740 164 915 218 (iiuc'roa.
936 157 1183 213 ARESCH.)
1495 156 1588 196 537

168 299 254 336 llab.
287 297 331 334 ad
365 308 471 335 oram
504 297 632 333 insulae
665 296 819 333 Norlolli
851 293 981 340 (llerb.
1012 290 1207 330 universit.
1238 288 1407 335 Dublin.)

147 377 315 418 Sequenti
342 383 445 416 quam
473 375 579 415 priori
606 375 708 414 longe
736 373 883 415 affinior,
911 371 985 414 sed,
1013 371 1180 412 quantum
1209 377 1227 401 e
1253 365 1507 410 speciminibus
1524 374 1590 398 nou

54 437 194 468 omnino
233 434 419 475 completis
462 432 655 474 dijudicare
695 440 894 474 possumus,
933 438 1015 461 vere
1054 428 1205 461 diversa.
1262 426 1373 458 Frons
1407 433 1518 467 usque
1551 422 1592 455 lr-

53 494 243 536 pollicaris,
271 492 399 524 coloris
427 490 533 532 rubri,
550 491 714 531 purpurei
733 490 751 521 l.
770 499 780 519 x
793 489 989 530 irescentis,
1006 494 1217 527 magnopere
1233 484 1441 525 composita,
1458 481 1591 514 inferne

53 552 194 584 omnino
221 549 443 591 tricbotoma,
471 557 623 590 superne
652 548 762 588 magis
789 547 969 587 magisque
1002 545 1208 584 regulariter
1235 542 1447 575 dicliotoma.
1499 541 1592 573 Arti-

53 610 119 641 culi
148 609 254 641 infimi
282 609 411 640 teretes
439 609 473 639 et
500 606 710 648 brexissimi,
738 604 840 637 medii
868 603 1161 644 complanatinee
1177 602 1282 643 plani,
1302 601 1457 641 margine
1473 599 1592 632 obtusi

53 668 171 708 potius
198 675 302 708 quam
329 665 434 707 acuti,
461 674 571 706 usque
599 666 669 695 tres
696 663 806 694 lineas
833 648 988 701 longiet
1013 662 1069 692 vix
1097 660 1118 692 l.
1146 660 1287 692 circiter
1313 658 1332 691 sl·
1361 658 1492 690 millim.
1520 657 1592 696 lati,

55 726 154 767 apice
189 724 336 766 basique
367 723 588 756 subtruncati
616 722 638 756 l.
665 721 721 753 illo
749 721 825 753 loco
854 720 1069 761 subdentati,
1096 717 1268 758 geniculis
1295 725 1398 758 quam
1425 717 1458 747 in
1485 715 1592 756 priori

54 784 173 824 specie
213 782 429 822 longioribus
467 781 658 820 distantes,
699 779 866 820 supremi,
912 776 1107 809 secundum
1134 775 1279 816 Harvey,
1307 773 1593 814 lineari-clavati,

53 841 116 873 sed
148 842 183 873 in
216 841 302 872 meis
333 838 588 881 speciminibus
617 835 949 878 elliptico-ol.›longi,
985 834 1095 874 magis
1122 842 1224 874 quam
1252 831 1357 863 medii
1384 832 1593 872 compressi,

53 908 121 932 non
148 908 230 931 xero
258 898 363 938 plani.
412 896 462 928 Ab
490 899 527 927 A.
555 895 708 934 dilatata,
735 902 837 935 quam
866 901 929 924 nos
963 891 1229 931 descripsimus,
1254 889 1372 921 differt
1396 889 1594 929 praesertim

54 958 210 990 articulis
237 957 269 988 in
298 954 559 994 subelliptieam
587 961 653 984 nec
686 951 853 983 linearem
882 951 942 981 aut
968 950 1152 981 euueatam
1181 947 1326 979 sormam
1355 946 1594 988 tendentibus⁷

53 1018 88 1048 et
114 1025 131 1048 a
159 1016 340 1056 sequente,
367 1012 422 1044 cui
458 1019 577 1042 revera
605 1009 742 1042 affinior
770 1010 835 1051 est,
869 1006 1136 1039 characteribus
1164 1005 1277 1037 adbuc
1305 1003 1594 1036 evidentioribus.

57 1132 116 1172 42.
148 1135 182 1170 Α.
216 1134 478 1169 ssowssiumssn,
512 1127 654 1172 (Harv.
696 1124 789 1163 Ner.
835 1128 964 1162 (lustr.
1000 1135 1040 1171 p.
1081 1119 1131 1159 97
1163 1127 1189 1159 t.
1224 1119 1424 1166 XXXVII)
1461 1119 1596 1158 fronde

164 1199 237 1235 ima
282 1196 360 1233 basi
405 1194 603 1244 subtereti,
643 1204 810 1241 superne
855 1191 1237 1240 complanato-plana
1282 1188 1596 1237 di-tricliotoma,

165 1265 277 1302 ramis
319 1262 548 1312 patentibus,
587 1260 754 1298 articulis
796 1259 935 1296 infimis
973 1257 1246 1306 subteretibus,
1284 1255 1422 1292 mediis
1460 1259 1497 1292 et
1527 1266 1596 1291 su-

164 1330 381 1381 perioribus
423 1330 522 1366 lato-
566 1329 586 1365 l.
630 1324 999 1373 obovato-oblongis
1044 1325 1064 1361 l.
1105 1321 1470 1361 obovato-cuneatis
1502 1323 1596 1360 sub-

164 1398 300 1448 planis,
331 1395 593 1434 terminalibus
625 1393 837 1431 rotundatis
869 1394 891 1430 l.
923 1391 1168 1429 subobovatis
1199 1390 1596 1427 sulunembranaceo-

165 1465 301 1515 planis,
334 1464 519 1512 geniculis
551 1459 984 1508 calcareo-granulosis,
1015 1458 1234 1496 keramidiis
1265 1457 1433 1494 minutis.

147 1542 336 1583 Amphiroa
369 1540 511 1573 dilatata
545 1537 681 1571 Ii'rauss
714 1536 876 1580 Beitrciye
909 1544 976 1569 zur
1013 1534 1207 1569 li'enncm‘ss
1243 1535 1306 1567 der
1332 1533 1536 1566 Coralliuen
1561 1542 1596 1567 u.

55 1600 185 1644 Zooph.
206 1610 241 1643 p.
270 1601 324 1632 20.
350 1617 393 1622 —
419 1595 574 1640 Beilrciq.
602 1605 669 1629 zur
695 1595 803 1630 Flora
828 1595 888 1628 des
915 1594 997 1637 Cap.
1026 1593 1100 1626 ¹und
1124 1591 1377 1626 Nabal-landes
1398 1600 1432 1634 p.
1459 1592 1539 1624 b206.

167 1672 254 1710 llab.
284 1671 328 1708 ad
362 1680 467 1707 oram
500 1671 709 1717 Capensem
741 1681 759 1705 a
792 1668 875 1704 sinu
908 1670 978 1714 ssay
1010 1666 1116 1703 Falso
1150 1675 1269 1712 usque
1301 1663 1346 1699 ad
1379 1662 1599 1711 PortNatal,

56 1752 133 1779 non
166 1739 440 1786 infrequenter.
474 1735 604 1783 (llerb.
634 1746 766 1783 propr.
800 1737 836 1771 et
866 1732 993 1780 alior.)

148 1813 258 1846 Frons
285 1822 396 1854 usque
422 1813 656 1855 4-pOlll031‘iS,
684 1812 812 1844 coloris
838 1810 1006 1852 purpurei
1040 1808 1146 1851 rubri,
1174 1816 1270 1849 saepe
1297 1807 1374 1849 plus
1402 1806 1516 1837 minus
1544 1804 1600 1836 (li-

55 1873 130 1915 luti,
158 1875 196 1905 ut
221 1872 254 1903 in
280 1872 451 1913 proximis
478 1870 668 1913 speciebus
695 1869 768 1902 basi
797 1869 1018 1911 tricbotoma,
1047 1875 1199 1909 superne
1225 1874 1307 1898 vero
1334 1865 1446 1905 magis
1468 1864 1600 1903 magis-

57 1940 124 1974 que
150 1932 359 1973 regulariter
386 1932 598 1965 dicbotoma.
649 1932 674 1963 A
701 1931 808 1973 priori
838 1930 977 1963 abunde
1005 1928 1121 1962 differt
1149 1928 1320 1968 geniculis
1340 1925 1495 1966 granulis
1513 1923 1600 1956 sl——7

58 1990 227 2022 calcareis
266 1989 457 2032 adspersis,
496 1990 654 2022 articulis
682 1997 793 2031 usque
826 1988 845 2020 4
878 1988 988 2020 lineas
1023 1987 1136 2026 longis
1170 1988 1204 2018 et
1232 1982 1304 2027 lss,
1330 1984 1387 2016 liu,
1413 1983 1505 2026 latis,
1532 1990 1600 2023 quo

59 2047 302 2090 superioribus
341 2057 381 2080 eo
421 2049 526 2080 etiam
565 2049 676 2087 magis
713 2048 840 2090 planis,
883 2048 988 2078 immo
1024 2043 1270 2078 terminalibus
1309 2041 1602 2074 membranaceo—

60 2106 267 2149 chartaceis,
294 2106 419 2139 mediis
446 2106 710 2148 late-cuneatis,
738 2114 803 2138 nec
829 2107 867 2138 ut
893 2106 926 2137 iu
959 2104 1080 2146 priori,
1108 2102 1280 2144 oblongis,
1307 2102 1455 2141 utraque
1483 2100 1602 2130 extre-

60 2165 180 2197 mitate
214 2165 235 2197 l.
268 2164 440 2206 superiori
468 2165 602 2197 tantum
629 2164 866 2206 emarginatis,
894 2165 932 2195 ut
959 2171 1021 2204 per
1047 2161 1360 2201 emarginatiouem
1389 2155 1604 2189 transluceat

60 2223 274 2261 geniculum.
333 2221 532 2254 Keramidia
558 2222 704 2264 propter
731 2220 959 2253 articulorum
984 2218 1206 2252 latitudinem
1234 2225 1338 2258 quam
1365 2217 1398 2248 in
1425 2213 1603 2256 prioribus

61 2289 315 2314 numerosiora.

68 2396 126 2435 43.
158 2401 192 2435 Α.
225 2405 412 2435 Acsmffls
445 2394 585 2441 (Sond.
618 2398 659 2433 in
693 2393 806 2434 Molzl.
833 2399 869 2432 et
902 2392 1174 2431 Schlecktend.
1209 2392 1279 2429 Boc
1311 2390 1411 2429 Zeit.
1450 2389 1549 2426 4845
1566 2400 1602 2435 p.

176 2463 249 2509 55)
293 2463 510 2500 dieliotoma
550 2463 572 2498 l.
614 2462 799 2509 geniculis
831 2460 1130 2510 prolillcantibus
1163 2460 1402 2507 trirliotoma,
1434 2457 1604 2493 articulis

176 2530 407 2578 compressis
439 2529 608 2566 omnbus
640 2528 860 2575 oblongisve
894 2527 1112 2564 novissimis.

176 2608 263 2645 llab.
307 2607 351 2643 ad
394 2607 489 2644 latus
528 2606 764 2643 occidentale
806 2607 915 2643 Novae.
955 2603 1170 2642 [lollandiae.
1232 2602 1340 2639 llerb.
1374 2601 1504 2639 l‘reiss.
1537 2602 1604 2638 Nzo

65 2674 185 2713 2600.

161 2751 360 2793 Specimina
403 2749 598 2782 l'reissiana
639 2750 850 2791 incompleta
889 2748 1119 2790 bipollicaria.
1181 2746 1324 2778 Articuli
1364 2744 1548 2777 inferiores
1588 2742 1606 2774 li

67 2811 177 2842 lineas
203 2810 309 2852 longi,
337 2810 426 2841 2—-2
442 2807 481 2850 Ἀ
507 2809 617 2840 lineas
644 2808 715 2850 luti,
743 2806 1080 2848 compresso—plani,
1107 2804 1259 2846 oblongi,
1287 2804 1378 2835 orati
1405 2803 1426 2835 l.
1455 2803 1607 2843 obovati,

68 2869 269 2909 superiores
297 2869 331 2898 et
356 2867 518 2899 laterales
545 2875 641 2908 ssepe
669 2865 775 2907 duplo
804 2865 951 2906 triploxe
986 2862 1307 2906 minores,{ornnes
1340 2861 1467 2902 pallide
1504 2863 1607 2903 rosei,

68 2925 216 2958 nitiduli.
268 2924 416 2956 Fructus
445 2925 566 2964 ignoti.

245 2979 285 3015 ll.
1430 2977 1472 3008 35
