1895 3208
274 144 366 185 568
687 140 924 181 &nemmem
944 139 1119 195 (weron.
1141 138 1387 196 ARESCH.].
1573 141 1800 188 Corallina.

273 283 417 316 rumque
459 272 616 315 cuneati,
653 270 717 303 sed
754 270 970 311 longitudine
1014 280 1077 314 pro
1115 281 1211 306 more
1249 274 1296 306 ita
1334 276 1520 321 variantes,
1557 279 1595 309 ut
1632 277 1800 310 diametro

232 374 243 383 ,
271 340 421 371 maximo
460 339 531 370 sint
556 338 577 369 1.
611 345 722 378 usque
764 336 842 377 3plo
884 337 1059 378 longiores
1093 338 1113 371 l.
1147 339 1239 372 idem
1276 340 1545 385 subaequantes3
1582 343 1802 384 pinnularum

270 405 477 445 plerumque
512 402 725 436 subteretes.
782 402 979 436 Keramidia
1013 404 1045 436 in
1085 404 1185 446 apice
1224 406 1445 447 pinnularum
1471 408 1628 451 formata,
1656 409 1754 440 ovata
1782 409 1802 440 l.

270 469 386 509 potius
425 467 806 510 ovato-subspbaerica,
845 467 948 508 longe
979 469 1199 512 pedicellata,
1225 471 1397 512 pellicello
1425 474 1457 505 in
1485 473 1584 506 basin
1611 475 1802 516 attenuato,

269 541 365 574 saepe
402 532 494 565 nuda
534 534 716 575 rariusque
757 532 828 565 sere
854 534 1087 577 corniculata,
1114 544 1244 568 cornua
1272 536 1488 577 longitudine
1514 540 1693 583 variantia,
1720 548 1803 573 nor-

269 598 417 640 maliter,
444 599 480 629 ut
505 597 654 642 videtur,
681 601 870 643 attenuata,
897 601 932 631 ct
956 600 1034 641 plus
1062 602 1175 633 minus
1203 605 1357 636 curvata.

362 680 446 714 Cum
484 681 560 714 Cor.
599 683 866 727 mediterranea,
897 693 913 717 a
942 693 1009 727 qua
1047 687 1164 718 tamen
1200 687 1368 720 tenuitate
1403 687 1620 731 elegantiori,
1647 690 1802 722 articulis

269 747 369 788 apice
403 748 566 790 utrinque
604 749 819 792 aui-iculatis,
858 751 974 792 pinnis
1011 752 1236 794 pinnulisque
1262 752 1637 787 subulam-attenuatis
1664 754 1801 787 abunde

269 812 407 845 diversa
434 815 498 856 est,
524 812 601 847 Cor.
628 814 791 847 officinali
815 817 909 849 certe
925 818 1035 857 magis
1051 826 1154 859 quam
1171 817 1401 860 sequentibus
1416 819 1604 860 speciebus
1619 820 1802 852 affinis*

268 877 344 910 Cor.
373 879 614 920 cupressinam
641 878 898 923 Lamourouxii,
932 883 966 913 et
992 882 1035 914 ita
1064 890 1203 925 quoque
1237 882 1422 928 Ktitzingii,
1456 893 1560 927 quam
1595 894 1710 918 veram
1737 885 1802 918 Lu-

268 942 412 975 marckii
452 944 685 987 suspicamur,
726 954 794 977 non
823 954 902 978 esse
942 946 1127 990 diversam,
1165 957 1245 981 cum
1285 949 1477 992 descriptio
1512 954 1583 983 tum
1609 952 1802 992 specimina

268 1008 391 1048 gallica
430 1008 520 1041 bene
559 1009 697 1043 docent.
766 1009 937 1043 Corallina
976 1011 1129 1045 abietina
1168 1011 1356 1048 Lamarclc.
1399 1013 1500 1048 Mem.
1536 1016 1580 1049 (lu
1607 1015 1698 1049 Mus.
1724 1019 1802 1060 ”21²-

268 1073 346 1116 ¹232,
374 1073 474 1106 nobis
501 1083 712 1118 quamquam
739 1077 855 1116 ignota
893 1077 1044 1119 species,
1084 1078 1126 1111 ad
1165 1078 1241 1112 Cor.
1280 1080 1507 1125 squamatamf
1532 1084 1708 1124 pertinere
1734 1093 1801 1128 pu-

266 1141 398 1172 tamus.

268 1301 303 1341 7.
334 1286 664 1341 CsMEDlTERRANEA
698 1302 883 1349 [Arescle.
923 1308 1062 1350 mser.)
1101 1306 1237 1344 fronde
1275 1306 1582 1360 subbipollicari,
1624 1311 1801 1360 primaria

378 1377 454 1414 basi
499 1387 662 1428 ramosa,
707 1378 818 1415 ramis
860 1378 1064 1428 bipinnatis
1106 1380 1460 1431 circumscriptione
1504 1384 1578 1422 late
1621 1386 1737 1424 ovatis
1778 1388 1799 1424 Ι.

378 1451 831 1503 subtriangulisormibus,
880 1454 1005 1503 pinnis
1049 1455 1403 1506 circumscriptione
1447 1458 1664 1511 linearibus,
1711 1460 1800 1510 pin-

378 1526 476 1564 nulis
518 1526 836 1574 subcylindraceis
877 1529 1053 1567 omnibus
1093 1530 1129 1568 in
1172 1532 1375 1571 keramidia
1409 1535 1675 1585 transmutatiS,
1707 1536 1801 1573 arti-

377 1601 470 1639 culis
517 1612 710 1639 ramorum
755 1605 986 1652 compressis
1031 1606 1201 1643 cuneatis
1244 1607 1430 1646 diametro
1476 1609 1641 1647 maximo
1681 1610 1798 1660 duplo

378 1676 614 1725 longioribus
654 1678 673 1714 l.
719 1677 819 1715 idem
859 1679 1179 1732 sulmquantibns,
1218 1682 1419 1732 pinnarum
1458 1684 1575 1731 magis
1617 1684 1799 1723 teretibus

373 1751 747 1802 angustioribufflpie,
786 1754 1004 1792 keramidiis
1042 1755 1312 1804 pyrisormilms
1351 1758 1387 1795 in
1430 1758 1659 1808 pediccllum
1698 1763 1798 1797 atte-

373 1826 496 1864 nuatis
527 1826 784 1877 corniculatis,
817 1828 997 1866 cornibus
1029 1831 1168 1869 strictis
1199 1831 1542 1881 subsequi-crassis.

373 1915 460 1953 llab.
494 1916 529 1954 in
562 1917 654 1954 mari
688 1917 970 1957 mediterraneo
1003 1931 1123 1970 prope
1149 1923 1406 1962 Alexandriam
1438 1924 1566 1972 (Hei-b.
1587 1925 1796 1974 Rogmcad.

261 1989 456 2028 scientiar.
491 1992 630 2037 llolm.)

354 2078 462 2112 Frons
502 2079 638 2113 videtur
675 2091 784 2124 usque
823 2083 1056 2128 Q-pollicaris,
1097 2085 1224 2118 coloris
1258 2087 1464 2121 virescentis
1497 2088 1517 2121 1⁴.
1544 2087 1694 2132 subalbi,
1721 2089 1795 2122 basi

262 2144 328 2176 ima
356 2153 505 2179 ramosa.
556 2145 650 2178 Romi
681 2146 865 2189 bipinnati.
917 2148 1034 2183 Pinna}
1062 2151 1392 2194 circumscriptione
1420 2153 1490 2186 sere
1517 2155 1656 2188 omnino
1685 2155 1795 2187 linca-

262 2218 329 2252 res,
363 2218 381 2241 a
408 2209 484 2242 basi
524 2212 659 2253 apicem
699 2221 820 2246 versus
859 2214 1076 2255 longitudine
1116 2216 1376 2262 decrescentes,
1417 2219 1627 2261 pinnulatrcg
1665 2220 1795 2261 pinnu-

259 2275 302 2307 lze
329 2276 533 2309 normaliter
558 2285 577 2308 e
604 2278 759 2317 margine
787 2279 1012 2312 articulorum
1051 2281 1202 2315 racliidis
1240 2285 1412 2325 superiori
1441 2285 1602 2326 utrinque
1628 2285 1793 2317 solitariae

259 2340 280 2372 l.
307 2349 556 2384 nonnunquam
585 2344 745 2385 gemina‘,
775 2352 815 2376 ex
844 2345 946 2377 unica
975 2346 994 2378 l.
1023 2346 1159 2380 duobus
1186 2349 1343 2382 articulis
1358 2353 1584 2393 construam,
1604 2351 1793 2394 simplices,

260 2407 401 2449 teretes,
436 2406 753 2449 subaequi-crasszr
789 2409 807 2443 l.
840 2408 915 2443 basi
956 2413 1125 2455 apiceque
1152 2414 1330 2455 paululum
1359 2417 1560 2459 attenuatfe,
1587 2416 1793 2458 plerumque

259 2471 330 2504 sere
356 2481 476 2505 omnes
505 2474 536 2505 in
563 2473 756 2507 kei-amidio
794 2476 1048 2511 transmutatae.
1106 2480 1249 2512 Articuli
1286 2478 1393 2513 forma
1428 2481 1612 2523 variant-es,
1638 2481 1791 2522 primarii

257 2537 291 2569 in
332 2539 437 2571 ramis
477 2541 689 2583 compressi,
728 2550 770 2573 cx
809 2542 909 2583 apice
947 2543 1016 2576 lato
1049 2545 1082 2576 in
1120 2544 1219 2577 basin
1259 2547 1433 2578 cuneatim
1474 2547 1661 2588 attenuati,
1699 2555 1790 2578 nunc

258 2604 358 2644 apice
387 2605 607 2644 angustiores
635 2607 669 2637 et
695 2605 760 2638 boc
787 2606 890 2640 modo
918 2607 1125 2642 diametrum
1154 2610 1342 2643 maximum
1369 2610 1586 2652 longitudine
1625 2612 1684 2642 aut
1720 2610 1790 2641 sere

258 2670 440 2710 aequantes·
479 2672 537 2702 aut
579 2670 684 2712 duplo
723 2672 846 2704 eodem
885 2673 1078 2716 longiores,
1117 2675 1252 2708 articuli
1289 2674 1442 2708 rachidis
1468 2677 1653 2717 pinnarum
1694 2674 1790 2716 ejus-

258 2732 336 2765 dcm
375 2733 447 2766 sere
486 2734 619 2778 forma),
660 2738 692 2769 in
732 2746 859 2777 genere
899 2748 979 2771 vero
1018 2739 1196 2781 paululum
1237 2742 1458 2780 angustiores
1497 2740 1646 2782 indeque
1685 2741 1789 2772 etiam

257 2797 445 2838 longiorcS.
502 2799 701 2835 Keramidia
736 2804 959 2844 pinnularum
1001 2805 1293 2837 transmutatione
1331 2808 1463 2848 exorta,
1501 2804 1712 2846 pyrisormia,
1754 2808 1788 2839 in

256 2862 466 2903 pedicellum
506 2867 637 2899 sensim
677 2867 866 2913 attenuata,
906 2868 996 2901 nuda
1037 2870 1095 2909 (ex
1132 2870 1274 2912 pinnula
1317 2869 1557 2902 uniarticulata
1586 2868 1786 2915 formata‘LQ),
