1895 3208
80 159 385 206 Hoemalocele's.
648 204 655 210 ,
719 159 981 210 SQUAMAROEAE.
1520 163 1613 203 497

191 293 358 333 Frondes
390 291 524 330 crustis
555 292 932 341 sanguineo—rubris,
963 303 1074 341 supra
1104 301 1216 341 rupes
1241 291 1527 330 liorizontaliter
1544 302 1614 329 ex-

81 362 219 411 pansis,
251 360 435 398 inferiore
468 359 600 407 pagina
633 359 842 396 arctissime
873 358 1031 408 adnatis,
1063 358 1264 407 superiore
1297 359 1450 397 demum
1478 360 1614 397 fructi-

82 428 185 476 l'eris,
231 426 508 465 orbiculat-ibus
553 429 616 463 aut
661 426 895 474 expansione
940 425 1060 473 magis
1105 426 1391 478 irregularibus,
1431 432 1614 466 constant.

81 495 167 533 Filis
200 494 409 532 arctissime
448 494 594 530 coalitis
626 496 710 530 totae
743 493 1038 530 constituuntur.
1097 496 1257 531 Stratum
1291 495 1538 545 liorizontale,
1569 507 1614 533 ex

81 572 158 610 quo
192 561 366 597 radiculae
398 561 662 607 demittuntur,
695 560 764 597 tilis
796 560 1024 596 dicliotomis
1055 561 1261 598 articulatis
1292 565 1509 600 contextum
1542 567 1613 611 est;

82 640 127 665 ex
170 629 242 666 boc
279 631 395 666 struto
438 627 603 665 tenuiori
646 628 702 664 tila
741 638 890 664 sursum
929 626 1166 664 adscendunt
1210 631 1247 664 et
1292 639 1379 665 mox
1426 629 1613 667 verticalia

83 694 241 732 omnino
275 695 439 733 evadunt
477 698 589 743 atque
619 694 879 743 stipatissimu,
911 694 1057 730 articuli
1090 695 1240 732 lilorum
1273 695 1403 746 intimi,
1434 697 1615 734 deorsum

82 773 181 811 saepe
213 762 430 811 acuminati,
447 762 634 800 diametro
651 762 895 810 superiorum
918 761 997 799 sere
1015 762 1132 810 duplo
1152 762 1376 811 crassiores,
1396 775 1439 800 ex
1458 763 1615 811 singulis

82 829 138 866 liis
171 829 307 866 intimis
337 830 504 866 articulis
534 830 593 867 tila
626 829 799 866 tenuiora
831 829 980 875 gemina
1007 830 1089 875 (aut
1121 830 1355 877 quaterna‘U
1374 831 1616 881 proveniunt,

82 907 164 944 quse
197 908 265 946 per
295 899 410 933 totam
443 895 734 944 longitudinem,
764 896 802 932 ni
839 897 959 945 fallor,
991 896 1175 944 simplicia
1206 900 1373 946 manent,
1392 897 1615 946 cellulisque

69 960 507 1012 'prismatico-oblongis
529 962 738 998 arctissime
758 962 948 999 concretis
965 966 1149 1000 constant.
1197 966 1314 1000 Frons
1331 964 1469 1000 sterilis
1490 964 1616 1012 itaque

80 1043 98 1068 a
132 1030 332 1079 superficie
365 1029 440 1066 visa
471 1029 616 1065 cellulis
649 1028 894 1076 5—6-301115
927 1032 1125 1077 contexta,
1158 1029 1386 1066 verticaliter
1416 1033 1515 1068 secta
1548 1032 1617 1068 tilis

79 1108 98 1133 a
130 1097 206 1134 basi
239 1097 461 1134 liorizontali
496 1096 598 1133 tenui
631 1096 967 1145 adscendentibus,
999 1096 1072 1133 ima
1106 1096 1181 1133 basi
1215 1097 1386 1148 ramosis,
1412 1097 1501 1135 dein
1519 1099 1616 1136 sim-

79 1165 239 1213 plicibus
270 1164 489 1214 articnlatis,
521 1164 688 1201 articulis
721 1163 910 1213 oblongis,
941 1164 1143 1201 constituta
1176 1164 1344 1213 adparet.

192 1235 229 1269 ln
268 1231 380 1268 l'ertili
425 1233 547 1280 planta
588 1234 746 1268 stratum
788 1230 895 1268 adest
925 1231 1408 1280 nematlieciosum,supra
1441 1233 1616 1280 paginam

79 1299 247 1336 sterilem
293 1300 365 1336 late
411 1309 639 1347 expansum,
686 1298 754 1334 tilis
799 1297 1042 1335 verticalibus
1094 1298 1401 1346 simpliciusculis
1447 1299 1617 1337 clavato-

79 1366 283 1404 articulatis
328 1366 587 1402 constitutum.
663 1367 744 1401 llaec
789 1365 846 1401 tila
887 1377 906 1401 a
947 1364 1088 1401 vertice
1127 1364 1274 1401 articuli
1313 1366 1481 1413 supremi
1513 1367 1616 1403 strati

79 1433 217 1471 sterilis
248 1432 397 1480 gemina
438 1436 502 1468 aut
544 1435 741 1481 quaterna,
785 1432 821 1468 ni
863 1432 982 1481 l'allor,
1012 1431 1289 1481 provenientia,
1319 1432 1468 1480 filisque
1500 1433 1617 1469 steri-

79 1500 176 1536 libus
206 1500 326 1536 multo
359 1499 548 1548 tenuiora,
587 1498 749 1546 gel-atina
789 1498 982 1534 ambiente.
1013 1498 1157 1535 lii-mins
1188 1497 1426 1536 cohibentur.
1485 1499 1616 1546 Spliae-

79 1578 247 1616 rosporae
280 1565 677 1615 elongato-oblougae,
710 1565 1017 1613 paranematibus
1035 1576 1169 1613 parum
1188 1564 1384 1602 breviores
1403 1575 1616 1613 eorumque

79 1634 416 1672 transformatione
463 1636 567 1682 ortae,
613 1643 686 1669 una
732 1643 818 1669 cum
863 1632 918 1669 liis
964 1632 1174 1682 verticales,
1219 1631 1314 1669 iutra
1362 1631 1617 1680 perisporium

80 1702 270 1748 liyalinum
301 1701 466 1738 zonatim
498 1700 635 1737 divisae.

190 1771 316 1805 Genus
358 1768 539 1805 affinitate
585 1766 756 1816 proxima
796 1777 880 1804 cum
922 1766 1188 1814 Peyssonnelia
1233 1768 1270 1802 et
1309 1766 1618 1804 llildenbrandtia

79 1836 162 1873 sine
192 1835 310 1872 dubio
342 1835 604 1884 conjunctum,
635 1835 986 1883 Spllael‘ospol'urllm
1018 1834 1207 1870 divisione
1239 1833 1284 1869 ab
1316 1833 1390 1883 illa,
1408 1844 1617 1881 earumque

79 1902 331 1951 dispositione
362 1902 408 1939 ab
439 1902 506 1938 liac
538 1900 683 1939 facilius
714 1901 955 1950 distinctum3
995 1912 1066 1939 nec
1097 1912 1176 1938 non
1209 1900 1279 1939 levi
1312 1904 1508 1938 strueturae
1539 1901 1618 1938 dil-

80 1970 242 2008 ferentia
274 1969 319 2006 ab
353 1973 517 2017 utroque
549 1969 754 2007 diversum.

85 2104 116 2142 ¹l.
149 2107 188 2141 H.
221 2112 349 2142 nussssxs
382 2102 437 2148 (J.
479 2102 545 2150 Ay.
587 2105 724 2147 mser.)
775 2102 910 2140 fronde
955 2102 1113 2140 lateritia
1159 2105 1352 2140 crustacea
1397 2101 1619 2139 tenuissima

191 2171 402 2209 arctiSsime
434 2170 582 2220 adnata,
614 2170 683 2207 tilis
714 2168 906 2207 sterilibus
944 2169 1379 2218 prismatico-angulatis
1410 2169 1619 2206 arctissime

192 2239 395 2288 concretis,
427 2236 672 2275 nematlieciis
703 2238 986 2286 splioerosporas
1017 2237 1181 2274 zouatim
1216 2237 1353 2274 divisas
1386 2236 1484 2273 inter
1507 2246 1620 2284 para-

191 2309 342 2345 nemata
374 2307 512 2343 clavata
544 2305 770 2343 foventibus.

193 2384 280 2422 llab.
312 2384 357 2422 ad
391 2396 503 2433 rupes
536 2384 725 2421 calcareas
758 2394 876 2432 prope
910 2384 1014 2420 Brest
1045 2381 1269 2427 (Crouan!).

175 2459 498 2493 Hildenbrandtiam
532 2459 672 2492 rubram
705 2458 826 2491 habitu
859 2458 1055 2491 annulatur.
1106 2458 1229 2489 Crustu
1257 2455 1460 2488 tenuissima
1489 2455 1617 2487 rubens

81 2529 168 2561 vage
206 2527 374 2561 expansa.
437 2517 506 2549 Fila
545 2517 725 2550 verticalia
764 2517 832 2548 ima
869 2516 945 2548 basi
984 2515 1186 2556 gemmatim
1215 2521 1233 2545 a
1259 2512 1394 2545 cellulis
1428 2511 1617 2553 majoribus

80 2577 302 2619 proveniunt,
342 2575 421 2608 dein
455 2575 640 2616 simplicia,
675 2574 832 2607 articulis
866 2573 1036 2606 diametro
1076 2573 1218 2605 circiter
1252 2571 1354 2611 2-1)lo
1382 2570 1617 2613 longioribus3

83 2645 100 2668 a
127 2635 314 2677 superficie
342 2635 413 2665 xis-a
441 2633 643 2674 prismatica
671 2633 853 2674 adparent.
905 2632 1060 2665 Stratum
1086 2629 1387 2662 nemutlieciosum
1413 2627 1618 2668 pulvinatim

83 2701 289 2734 expansum,
324 2691 390 2723 tilis
423 2691 568 2723 clavatis
597 2691 791 2724 articulatis
818 2692 932 2723 miuus
960 2692 1055 2722 arcte
1084 2684 1347 2720 colioerentibus
1376 2685 1619 2718 constitutum.

81 2750 174 2783 Inter
211 2750 287 2783 haec
326 2750 551 2791 paranemata
585 2739 843 2791 spliae1·ospoi·ae
871 2748 1045 2789 oblonga),
1072 2742 1359 2788 paranematibus
1386 2749 1507 2782 parum
1535 2741 1620 2773 bre-

82 2809 209 2849 viores,
237 2807 395 2849 multiplo
424 2808 630 2850 crassiores,
658 2808 863 2848 regulariter
890 2807 1042 2839 zonatim
1069 2804 1201 2843 dix-ism,
1233 2799 1444 2833 nidulantnr.

174 2864 321 2898 Nomine
348 2865 647 2899 Hildenbraudtiae
675 2867 818 2899 missam
845 2866 979 2906 accepi.
1028 2862 1360 2904 Spliaerosporarum
1388 2857 1619 2900 dispositione

84 2921 126 2954 ab
155 2921 220 2955 hac
247 2922 501 2957 diversissima.

129 2976 170 3012 11.
1443 2975 1483 3006 32
