1895 3208
275 152 367 192 458
903 148 1168 190 Cuffimmissaz.
1574 146 1812 206 Apopklcea.

273 283 463 321 exteriora
501 283 674 329 elongata
714 280 1163 331 dichotomo-sastigiata,
1202 281 1644 322 articulato-constricta.
1712 287 1812 322 lnter

272 352 348 388 laec
379 352 515 398 cryptae
548 349 772 399 rotundatas,
803 359 872 397 per
903 349 1074 386 canalem
1105 360 1190 386 cum
1224 350 1363 387 ostiolo
1382 350 1610 399 superficiali
1631 361 1812 388 commu-

272 418 456 466 nicantes,
501 415 733 466 obveniunt,
781 416 816 453 in
863 416 999 464 quibus
1031 418 1129 462 (sec.
1163 418 1341 465 tziitzing)
1382 417 1586 466 gemmidia
1618 418 1811 466 parietalia

272 483 500 533 fasciculam,
547 483 855 532 paraneniatibus
900 483 1028 534 mixta,
1061 485 1295 523 evolvuntur.
1356 488 1413 534 (ln
1453 485 1677 535 specimine,
1708 487 1812 534 quod

270 549 360 586 milii
394 550 598 587 observare
629 550 746 601 licuit,
779 553 915 599 cryptae
947 551 1096 602 adsunt,
1126 553 1192 589 sed
1225 554 1283 590 tila
1315 555 1508 603 parietalia
1540 566 1617 592 non
1651 556 1698 593 ita
1717 566 1812 592 evo-

272 619 360 667 luta,
391 621 454 655 aut
486 619 614 655 forsan
647 618 795 667 effoeta,
828 622 867 655 ut
893 618 1082 665 judicium
1115 619 1163 657 de
1196 620 1239 658 iis
1272 622 1372 658 serre
1404 622 1622 667 auderem).

381 685 467 732 Aiga
498 684 685 733 paradoxa
720 688 829 724 Novae
859 685 1059 736 Zelandiae,
1092 698 1204 734 quam
1237 699 1280 724 ex
1312 688 1439 725 habitu
1472 689 1683 727 Nemalioni
1716 700 1811 727 ana-

271 753 410 803 togam,
454 753 483 790 si
523 764 600 790 non
640 753 806 802 astinem,
844 753 954 790 facile
994 756 1164 803 putares3
1198 755 1243 791 ab
1274 758 1435 793 Auctore
1468 756 1513 793 ad
1540 757 1681 807 calcem
1713 760 1807 803 Cry-

270 823 561 867 ptonemearum
594 824 864 868 enumerata,a
885 821 1081 869 Kiitzingio
1114 821 1359 871 Chaetangieis
1384 823 1581 863 vindicata.
1614 825 1648 862 Si
1671 826 1812 863 fructus

272 887 342 924 rite
373 887 586 936 descriptos
618 888 749 939 luisse,
781 888 944 926 credere
977 889 1030 926 sas
1062 893 1131 940 est,
1164 891 1290 939 planta
1323 902 1480 940 quoque
1512 893 1584 931 lioc
1616 893 1701 930 loco
1734 893 1812 930 lin-

272 954 421 994 queml-a
454 954 614 995 videtur.

276 1065 308 1103 l.
340 1069 375 1105 Α.
407 1070 595 1104 SlNCLAlnu
628 1067 747 1105 Harv.
780 1067 861 1115 Alq.
895 1066 989 1106 Nov.
1021 1068 1105 1107 Zel.
1139 1068 1161 1107 l.
1194 1082 1226 1107 c.
1258 1081 1295 1108 n.
1335 1070 1419 1108 lll.
1453 1072 1566 1109 [seltz.
1585 1082 1640 1120 sp.
1657 1084 1694 1120 p.
1719 1072 1809 1110 795.

383 1144 471 1182 Hal).
504 1145 548 1182 ad
583 1149 724 1185 Novam
755 1145 971 1184 zelandiam
1004 1146 1241 1194 (Sinclairl).

270 1324 501 1378 LXXlI.
545 1325 913 1378 CHAETANGIUM
953 1346 1066 1383 miz.
1099 1345 1212 1395 masc.
1246 1358 1286 1395 p.
1316 1346 1407 1385 392,
1440 1348 1505 1395 Sp.
1537 1348 1620 1396 Alq.
1649 1361 1687 1397 p.
1721 1351 1812 1390 792.

380 1412 414 1449 J.
447 1413 512 1460 Aa.
543 1413 626 1450 Act.
657 1411 778 1450 Holm.
814 1409 928 1450 4847.
962 1413 1198 1461 Notliogenia
1230 1414 1351 1452 Monc.
1384 1415 1481 1452 Αηη.
1515 1415 1576 1453 Sc.
1609 1415 1698 1455 Ναί.
1718 1417 1811 1456 Νου.

386 1478 486 1516 ’1843
531 1491 569 1527 p.
616 1479 707 1518 303.
754 1481 869 1520 Ii'zitz.
917 1481 983 1529 Sp.
1029 1481 1111 1529 Alq.
1153 1493 1193 1530 p.
1239 1479 1330 1520 793.
1373 1484 1626 1533 Grateloupiae
1657 1497 1711 1534 sp.
1743 1487 1811 1534 Ay.

383 1552 421 1584 ec
454 1548 566 1585 Auci.

271 1629 387 1664 Frons
426 1627 909 1678 membranaceo-cornea,
952 1630 1096 1665 saccata
1141 1631 1178 1665 et.
1215 1629 1511 1678 simpliciuscula
1542 1633 1606 1668 aut
1637 1633 1811 1681 compla-

382 1698 465 1732 nata
506 1698 543 1732 et
580 1695 710 1745 divisa,
751 1696 875 1733 stratis
921 1695 1071 1733 duobus
1110 1699 1303 1734 contexta:
1344 1697 1528 1735 interiore
1561 1699 1630 1736 lilis
1663 1701 1813 1739 tenuis-

381 1764 486 1800 simis
531 1763 903 1801 anastomosantibus
947 1763 1176 1801 densissime
1222 1764 1454 1815 intertextis,
1507 1766 1699 1804 exteriore
1742 1768 1812 1807 tilis

382 1830 622 1867 verticalibus
666 1830 915 1878 cilindraceis
951 1831 1157 1868 articulatis
1195 1831 1444 1869 densissimis.
1504 1832 1812 1883 Desiniocarpia

383 1898 508 1935 frondi
542 1899 734 1948 immersa,
766 1899 1025 1947 carpostomio
1057 1899 1213 1935 demum
1245 1902 1387 1949 aperta,
1419 1899 1488 1937 tilis
1521 1901 1811 1948 gemmidiileris

382 1966 419 2003 in
454 1965 652 2003 fasciculos
684 1966 869 2014 plurimos
899 1977 1010 2003 secus
1042 1966 1205 2014 parietes
1237 1970 1373 2014 cryptae
1405 1966 1609 2016 dispositos
1627 1971 1812 2020 collectis,

383 2033 479 2070 intra
511 2033 691 2070 articulos
722 2032 942 2071 terminales
974 2034 1138 2070 clavatos
1176 2033 1379 2080 geminidia
1424 2034 1568 2083 singula
1612 2036 1811 2075 sub-oon-

382 2100 516 2137 sormia
548 2100 774 2138 foventibus.
836 2101 1144 2149 Splzoerosporae.
1179 2130 1186 2137 .

382 2179 552 2217 Frondes
593 2180 714 2217 forma
757 2179 879 2230 variae,
925 2190 1027 2217 nnnc
1058 2180 1252 2229 simplices
1283 2180 1417 2218 inflatae
1451 2181 1811 2235 olmvato-saecatae,

270 2257 373 2284 nunc
418 2259 647 2297 compressae
694 2248 857 2285 lineares
904 2251 940 2285 et
985 2249 1229 2299 (licliotomae,
1274 2260 1376 2287 nunc
1414 2251 1533 2299 plana}
1566 2251 1810 2299 irregularius

270 2313 396 2351 ‹livisae
436 2317 499 2351 aut
536 2316 880 2364 prolilicationibus
919 2328 1096 2366 ramosae,
1139 2317 1312 2366 plurimae
1352 2319 1495 2369 solidae,
1526 2321 1717 2358 nonnullae
1748 2321 1812 2358 di-

272 2381 504 2420 laceratione
541 2384 643 2421 sti-ati
683 2384 861 2422 laxissimi
904 2384 1097 2422 interioris
1129 2396 1245 2434 cavie3
1279 2389 1453 2423 recentes
1485 2387 1653 2425 tenacius
1683 2399 1811 2426 mem-

271 2448 478 2500 branaceze,
521 2452 716 2489 exsiccata:
754 2463 904 2490 cornea)
936 2453 1119 2502 evadunt3
1151 2453 1282 2490 colore
1313 2454 1810 2506 amethystino-purpureae,

271 2519 512 2566 expositione
543 2519 697 2556 demum
732 2520 1001 2558 luscescentes.

384 2585 468 2624 Filis
515 2587 747 2625 tenuissimis
794 2588 980 2626 tenaciter
1021 2588 1299 2626 conserentibus
1346 2591 1429 2626 totae
1474 2591 1658 2626 contextae
1703 2592 1809 2638 sunt3

273 2653 455 2692 interiora
486 2656 544 2692 lila
576 2658 663 2692 sunt
706 2655 1025 2693 anastomosantia
1074 2655 1266 2704 ramisque
1310 2655 1435 2703 longis
1479 2658 1543 2692 aut
1584 2655 1809 2694 abbreviatis

271 2731 584 2768 quoquoversum
623 2722 913 2760 excurrentibus
953 2722 1182 2760 densissime
1221 2722 1405 2772 intricata,
1437 2733 1570 2771 parum
1601 2723 1809 2771 conspicue,

271 2788 483 2836 articulata3
530 2788 722 2827 corticalia
769 2801 812 2827 ex
861 2791 931 2828 illis
977 2791 1204 2829 verticaliter
1243 2791 1493 2840 egredientia,
1536 2789 1591 2827 vix
1624 2790 1806 2828 crassiora

272 2855 524 2905 summissum,
554 2856 1006 2909 dichotomo-sastigiata,
1038 2858 1205 2896 articulis
1234 2856 1554 2906 suhcylindraceis
1571 2856 1615 2895 ad
1635 2857 1806 2905 genicula

273 2921 486 2959 constrictis
514 2923 718 2962 articulata.
