<?xml version="1.0" encoding="UTF-8"?>
<!DOCTYPE html PUBLIC "-//W3C//DTD XHTML 1.0 Transitional//EN"
    "http://www.w3.org/TR/xhtml1/DTD/xhtml1-transitional.dtd">
<html xmlns="http://www.w3.org/1999/xhtml" xml:lang="en" lang="en">
 <head>
  <title>
</title>
<meta http-equiv="Content-Type" content="text/html;charset=utf-8" />
  <meta name='ocr-system' content='tesseract 3.04.00' />
  <meta name='ocr-capabilities' content='ocr_page ocr_carea ocr_par ocr_line ocrx_word'/>
</head>
<body>
  <div class='ocr_page' id='page_1' title='image "./speciesgeneraeto0202agar_0019.png"; bbox 0 0 1895 3208; ppageno 0'>
   <div class='ocr_carea' id='block_1_1' title="bbox 728 172 1618 221">
    <p class='ocr_par' dir='ltr' id='par_1_1' title="bbox 728 172 1618 221">
     <span class='ocr_line' id='line_1_1' title="bbox 728 172 1618 221; baseline 0.004 -4"><span class='ocrx_word' id='word_1_1' title='bbox 728 172 969 218; x_wconf 61' lang='lat' dir='ltr'>Dmroxrmffi.</span> <span class='ocrx_word' id='word_1_2' title='bbox 1523 179 1549 221; x_wconf 83' lang='lat'><strong>3</strong></span> <span class='ocrx_word' id='word_1_3' title='bbox 1560 180 1618 220; x_wconf 73' lang='lat'>47</span> 
     </span>
    </p>
   </div>
   <div class='ocr_carea' id='block_1_2' title="bbox 78 302 1619 1297">
    <p class='ocr_par' dir='ltr' id='par_1_2' title="bbox 78 302 1619 1297">
     <span class='ocr_line' id='line_1_2' title="bbox 86 302 1618 360; baseline 0.005 -18"><span class='ocrx_word' id='word_1_4' title='bbox 86 304 310 354; x_wconf 85' lang='lat' dir='ltr'>(Catenella,</span> <span class='ocrx_word' id='word_1_5' title='bbox 343 302 593 356; x_wconf 80' lang='lat' dir='ltr'>Rliabdonia),</span> <span class='ocrx_word' id='word_1_6' title='bbox 624 317 727 344; x_wconf 93' lang='lat' dir='ltr'>nunc</span> <span class='ocrx_word' id='word_1_7' title='bbox 757 318 774 345; x_wconf 88' lang='lat' dir='ltr'>a</span> <span class='ocrx_word' id='word_1_8' title='bbox 808 307 919 357; x_wconf 82' lang='lat' dir='ltr'>plexu</span> <span class='ocrx_word' id='word_1_9' title='bbox 951 308 1099 348; x_wconf 78' lang='lat' dir='ltr'>filorum</span> <span class='ocrx_word' id='word_1_10' title='bbox 1126 310 1273 349; x_wconf 78' lang='lat' dir='ltr'>frondis</span> <span class='ocrx_word' id='word_1_11' title='bbox 1290 310 1512 360; x_wconf 78' lang='lat' dir='ltr'>simpliciori</span> <span class='ocrx_word' id='word_1_12' title='bbox 1535 311 1618 350; x_wconf 87' lang='lat' dir='ltr'>for-</span> 
     </span>
     <span class='ocr_line' id='line_1_3' title="bbox 83 371 1617 428; baseline 0.007 -21"><span class='ocrx_word' id='word_1_13' title='bbox 83 374 195 421; x_wconf 88' lang='lat' dir='ltr'>mata,</span> <span class='ocrx_word' id='word_1_14' title='bbox 227 371 296 408; x_wconf 88' lang='lat' dir='ltr'>[ilis</span> <span class='ocrx_word' id='word_1_15' title='bbox 327 383 467 422; x_wconf 84' lang='lat' dir='ltr'>nempe</span> <span class='ocrx_word' id='word_1_16' title='bbox 501 374 536 411; x_wconf 90' lang='lat' dir='ltr'>in</span> <span class='ocrx_word' id='word_1_17' title='bbox 569 376 745 413; x_wconf 76' lang='lat' dir='ltr'>nucleum</span> <span class='ocrx_word' id='word_1_18' title='bbox 780 377 858 414; x_wconf 83' lang='lat' dir='ltr'>fere</span> <span class='ocrx_word' id='word_1_19' title='bbox 886 377 1348 417; x_wconf 86' lang='lat' dir='ltr'>immediateabeuntibus</span> <span class='ocrx_word' id='word_1_20' title='bbox 1365 379 1617 428; x_wconf 87' lang='lat' dir='ltr'>(Dumontia).</span> 
     </span>
     <span class='ocr_line' id='line_1_4' title="bbox 85 439 1619 497; baseline 0.004 -20"><span class='ocrx_word' id='word_1_21' title='bbox 85 439 212 477; x_wconf 73' lang='lat' dir='ltr'>Nuclei</span> <span class='ocrx_word' id='word_1_22' title='bbox 254 441 588 480; x_wconf 75' lang='lat' dir='ltr'>transformatione</span> <span class='ocrx_word' id='word_1_23' title='bbox 629 444 777 481; x_wconf 80' lang='lat' dir='ltr'>filorum</span> <span class='ocrx_word' id='word_1_24' title='bbox 810 457 828 482; x_wconf 89' lang='lat' dir='ltr'>a</span> <span class='ocrx_word' id='word_1_25' title='bbox 861 445 1044 496; x_wconf 85' lang='lat' dir='ltr'>placenta,</span> <span class='ocrx_word' id='word_1_26' title='bbox 1084 447 1414 496; x_wconf 74' lang='lat' dir='ltr'>qualitercumque</span> <span class='ocrx_word' id='word_1_27' title='bbox 1445 447 1619 497; x_wconf 88' lang='lat' dir='ltr'>formata,</span> 
     </span>
     <span class='ocr_line' id='line_1_5' title="bbox 84 507 1619 562; baseline 0.004 -18"><span class='ocrx_word' id='word_1_28' title='bbox 84 507 362 555; x_wconf 73' lang='lat' dir='ltr'>egredientium</span> <span class='ocrx_word' id='word_1_29' title='bbox 395 510 487 558; x_wconf 69' lang='lat' dir='ltr'>orti,</span> <span class='ocrx_word' id='word_1_30' title='bbox 521 511 578 547; x_wconf 88' lang='lat' dir='ltr'>tila</span> <span class='ocrx_word' id='word_1_31' title='bbox 604 512 882 558; x_wconf 84' lang='lat' dir='ltr'>gemmidiifera</span> <span class='ocrx_word' id='word_1_32' title='bbox 908 513 1339 562; x_wconf 78' lang='lat' dir='ltr'>dicliotomo-fastigiata</span> <span class='ocrx_word' id='word_1_33' title='bbox 1358 514 1619 560; x_wconf 72' lang='lat' dir='ltr'>(utiabdonia)</span> 
     </span>
     <span class='ocr_line' id='line_1_6' title="bbox 82 575 1618 630; baseline 0.005 -19"><span class='ocrx_word' id='word_1_34' title='bbox 82 578 145 611; x_wconf 87' lang='lat' dir='ltr'>aut</span> <span class='ocrx_word' id='word_1_35' title='bbox 174 575 381 624; x_wconf 73' lang='lat' dir='ltr'>saepissime</span> <span class='ocrx_word' id='word_1_36' title='bbox 413 578 823 630; x_wconf 84' lang='lat' dir='ltr'>paniculato-ramosa,</span> <span class='ocrx_word' id='word_1_37' title='bbox 854 581 1061 630; x_wconf 84' lang='lat' dir='ltr'>articulata,</span> <span class='ocrx_word' id='word_1_38' title='bbox 1088 581 1184 619; x_wconf 87' lang='lat' dir='ltr'>intra</span> <span class='ocrx_word' id='word_1_39' title='bbox 1203 583 1380 619; x_wconf 76' lang='lat' dir='ltr'>articulos</span> <span class='ocrx_word' id='word_1_40' title='bbox 1399 581 1618 630; x_wconf 83' lang='lat' dir='ltr'>superiores</span> 
     </span>
     <span class='ocr_line' id='line_1_7' title="bbox 82 642 1618 697; baseline 0.005 -20"><span class='ocrx_word' id='word_1_41' title='bbox 82 642 285 688; x_wconf 83' lang='lat' dir='ltr'>gemmidia</span> <span class='ocrx_word' id='word_1_42' title='bbox 331 654 556 695; x_wconf 85' lang='lat' dir='ltr'>numerosa,</span> <span class='ocrx_word' id='word_1_43' title='bbox 611 645 775 694; x_wconf 85' lang='lat' dir='ltr'>oblonga</span> <span class='ocrx_word' id='word_1_44' title='bbox 823 651 885 684; x_wconf 89' lang='lat' dir='ltr'>aut</span> <span class='ocrx_word' id='word_1_45' title='bbox 931 649 1131 696; x_wconf 78' lang='lat' dir='ltr'>pressione</span> <span class='ocrx_word' id='word_1_46' title='bbox 1177 652 1305 686; x_wconf 87' lang='lat' dir='ltr'>mutua</span> <span class='ocrx_word' id='word_1_47' title='bbox 1350 648 1618 697; x_wconf 83' lang='lat' dir='ltr'>subangulata,</span> 
     </span>
     <span class='ocr_line' id='line_1_8' title="bbox 80 708 1619 766; baseline 0.005 -21"><span class='ocrx_word' id='word_1_48' title='bbox 80 708 213 747; x_wconf 88' lang='lat' dir='ltr'>iterata</span> <span class='ocrx_word' id='word_1_49' title='bbox 259 709 446 749; x_wconf 76' lang='lat' dir='ltr'>divisione</span> <span class='ocrx_word' id='word_1_50' title='bbox 492 713 800 751; x_wconf 71' lang='lat' dir='ltr'>eudocia-onmis</span> <span class='ocrx_word' id='word_1_51' title='bbox 844 718 883 751; x_wconf 93' lang='lat' dir='ltr'>ut</span> <span class='ocrx_word' id='word_1_52' title='bbox 922 715 1070 752; x_wconf 74' lang='lat' dir='ltr'>ridetur</span> <span class='ocrx_word' id='word_1_53' title='bbox 1109 719 1204 766; x_wconf 88' lang='lat' dir='ltr'>orta,</span> <span class='ocrx_word' id='word_1_54' title='bbox 1244 716 1468 754; x_wconf 77' lang='lat' dir='ltr'>evolventia.</span> <span class='ocrx_word' id='word_1_55' title='bbox 1543 716 1619 753; x_wconf 85' lang='lat' dir='ltr'>Fila</span> 
     </span>
     <span class='ocr_line' id='line_1_9' title="bbox 81 777 1617 833; baseline 0.004 -19"><span class='ocrx_word' id='word_1_56' title='bbox 81 777 209 825; x_wconf 84' lang='lat' dir='ltr'>itaque</span> <span class='ocrx_word' id='word_1_57' title='bbox 253 789 420 827; x_wconf 89' lang='lat' dir='ltr'>superne</span> <span class='ocrx_word' id='word_1_58' title='bbox 468 779 504 817; x_wconf 89' lang='lat' dir='ltr'>in</span> <span class='ocrx_word' id='word_1_59' title='bbox 549 781 732 828; x_wconf 72' lang='lat' dir='ltr'>gongylos</span> <span class='ocrx_word' id='word_1_60' title='bbox 778 781 919 820; x_wconf 89' lang='lat' dir='ltr'>abeunt</span> <span class='ocrx_word' id='word_1_61' title='bbox 964 783 1207 833; x_wconf 90' lang='lat' dir='ltr'>rotundatos,</span> <span class='ocrx_word' id='word_1_62' title='bbox 1263 783 1466 830; x_wconf 88' lang='lat' dir='ltr'>gemmidia</span> <span class='ocrx_word' id='word_1_63' title='bbox 1512 783 1617 820; x_wconf 88' lang='lat' dir='ltr'>nullo</span> 
     </span>
     <span class='ocr_line' id='line_1_10' title="bbox 82 843 1617 897; baseline 0.004 -17"><span class='ocrx_word' id='word_1_64' title='bbox 82 843 219 882; x_wconf 87' lang='lat' dir='ltr'>ordine</span> <span class='ocrx_word' id='word_1_65' title='bbox 265 846 510 897; x_wconf 86' lang='lat' dir='ltr'>conglobata,</span> <span class='ocrx_word' id='word_1_66' title='bbox 564 847 659 884; x_wconf 89' lang='lat' dir='ltr'>intra</span> <span class='ocrx_word' id='word_1_67' title='bbox 704 847 965 885; x_wconf 76' lang='lat' dir='ltr'>membranam</span> <span class='ocrx_word' id='word_1_68' title='bbox 1012 849 1196 895; x_wconf 67' lang='lat' dir='ltr'>hyalinam</span> <span class='ocrx_word' id='word_1_69' title='bbox 1244 850 1323 886; x_wconf 88' lang='lat' dir='ltr'>fere</span> <span class='ocrx_word' id='word_1_70' title='bbox 1369 849 1617 896; x_wconf 84' lang='lat' dir='ltr'>gelatinosam</span> 
     </span>
     <span class='ocr_line' id='line_1_11' title="bbox 81 911 1618 963; baseline 0.005 -16"><span class='ocrx_word' id='word_1_71' title='bbox 81 911 334 963; x_wconf 89' lang='lat' dir='ltr'>continentes,</span> <span class='ocrx_word' id='word_1_72' title='bbox 366 916 429 950; x_wconf 89' lang='lat' dir='ltr'>aut</span> <span class='ocrx_word' id='word_1_73' title='bbox 459 915 587 962; x_wconf 88' lang='lat' dir='ltr'>plures</span> <span class='ocrx_word' id='word_1_74' title='bbox 617 914 780 951; x_wconf 78' lang='lat' dir='ltr'>invicem</span> <span class='ocrx_word' id='word_1_75' title='bbox 812 918 1006 963; x_wconf 84' lang='lat' dir='ltr'>separatos</span> <span class='ocrx_word' id='word_1_76' title='bbox 1039 915 1299 962; x_wconf 63' lang='lat' dir='ltr'>[uliabdonm</span> <span class='ocrx_word' id='word_1_77' title='bbox 1329 917 1444 954; x_wconf 84' lang='lat' dir='ltr'>autin</span> <span class='ocrx_word' id='word_1_78' title='bbox 1464 917 1618 954; x_wconf 86' lang='lat' dir='ltr'>unicum</span> 
     </span>
     <span class='ocr_line' id='line_1_12' title="bbox 81 979 1615 1033; baseline 0.003 -18"><span class='ocrx_word' id='word_1_79' title='bbox 81 979 329 1016; x_wconf 85' lang='lat' dir='ltr'>confluentes.</span> <span class='ocrx_word' id='word_1_80' title='bbox 397 979 470 1016; x_wconf 82' lang='lat' dir='ltr'>Fila</span> <span class='ocrx_word' id='word_1_81' title='bbox 504 980 540 1017; x_wconf 90' lang='lat' dir='ltr'>in</span> <span class='ocrx_word' id='word_1_82' title='bbox 574 979 760 1017; x_wconf 86' lang='lat' dir='ltr'>inferiore</span> <span class='ocrx_word' id='word_1_83' title='bbox 799 985 905 1029; x_wconf 87' lang='lat' dir='ltr'>parte</span> <span class='ocrx_word' id='word_1_84' title='bbox 937 982 1166 1031; x_wconf 86' lang='lat' dir='ltr'>plerumque</span> <span class='ocrx_word' id='word_1_85' title='bbox 1197 994 1275 1020; x_wconf 87' lang='lat' dir='ltr'>non</span> <span class='ocrx_word' id='word_1_86' title='bbox 1307 986 1513 1033; x_wconf 82' lang='lat' dir='ltr'>mutantur,</span> <span class='ocrx_word' id='word_1_87' title='bbox 1545 984 1615 1021; x_wconf 85' lang='lat' dir='ltr'>nisi</span> 
     </span>
     <span class='ocr_line' id='line_1_13' title="bbox 79 1046 1616 1098; baseline 0.003 -15"><span class='ocrx_word' id='word_1_88' title='bbox 79 1047 206 1083; x_wconf 78' lang='lat' dir='ltr'>forsan</span> <span class='ocrx_word' id='word_1_89' title='bbox 246 1046 413 1083; x_wconf 83' lang='lat' dir='ltr'>articulis</span> <span class='ocrx_word' id='word_1_90' title='bbox 453 1047 718 1096; x_wconf 90' lang='lat' dir='ltr'>superioribus</span> <span class='ocrx_word' id='word_1_91' title='bbox 760 1048 956 1086; x_wconf 85' lang='lat' dir='ltr'>dissolutis</span> <span class='ocrx_word' id='word_1_92' title='bbox 996 1049 1201 1087; x_wconf 86' lang='lat' dir='ltr'>inferiores</span> <span class='ocrx_word' id='word_1_93' title='bbox 1233 1049 1270 1088; x_wconf 90' lang='lat' dir='ltr'>in</span> <span class='ocrx_word' id='word_1_94' title='bbox 1304 1051 1486 1098; x_wconf 60' lang='lat' dir='ltr'>gongylos</span> <span class='ocrx_word' id='word_1_95' title='bbox 1517 1061 1616 1087; x_wconf 89' lang='lat' dir='ltr'>con-</span> 
     </span>
     <span class='ocr_line' id='line_1_14' title="bbox 79 1113 1617 1167; baseline 0.003 -18"><span class='ocrx_word' id='word_1_96' title='bbox 79 1114 224 1149; x_wconf 87' lang='lat' dir='ltr'>formes</span> <span class='ocrx_word' id='word_1_97' title='bbox 256 1113 399 1151; x_wconf 86' lang='lat' dir='ltr'>sensim</span> <span class='ocrx_word' id='word_1_98' title='bbox 431 1114 590 1153; x_wconf 87' lang='lat' dir='ltr'>abirent.</span> <span class='ocrx_word' id='word_1_99' title='bbox 650 1116 861 1153; x_wconf 90' lang='lat' dir='ltr'>Gemmidia</span> <span class='ocrx_word' id='word_1_100' title='bbox 896 1117 1005 1154; x_wconf 91' lang='lat' dir='ltr'>initio</span> <span class='ocrx_word' id='word_1_101' title='bbox 1038 1120 1078 1153; x_wconf 91' lang='lat' dir='ltr'>ut</span> <span class='ocrx_word' id='word_1_102' title='bbox 1102 1117 1251 1154; x_wconf 71' lang='lat' dir='ltr'>videtur</span> <span class='ocrx_word' id='word_1_103' title='bbox 1268 1116 1617 1167; x_wconf 87' lang='lat' dir='ltr'>oblonga,de1num</span> 
     </span>
     <span class='ocr_line' id='line_1_15' title="bbox 78 1180 1618 1233; baseline 0.003 -17"><span class='ocrx_word' id='word_1_104' title='bbox 78 1182 165 1228; x_wconf 84' lang='lat' dir='ltr'>post</span> <span class='ocrx_word' id='word_1_105' title='bbox 207 1180 378 1218; x_wconf 84' lang='lat' dir='ltr'>iteratam</span> <span class='ocrx_word' id='word_1_106' title='bbox 424 1181 651 1220; x_wconf 81' lang='lat' dir='ltr'>divisionem</span> <span class='ocrx_word' id='word_1_107' title='bbox 699 1186 736 1220; x_wconf 86' lang='lat' dir='ltr'>et</span> <span class='ocrx_word' id='word_1_108' title='bbox 781 1183 829 1220; x_wconf 89' lang='lat' dir='ltr'>ob</span> <span class='ocrx_word' id='word_1_109' title='bbox 873 1183 1112 1233; x_wconf 83' lang='lat' dir='ltr'>pressionem</span> <span class='ocrx_word' id='word_1_110' title='bbox 1158 1187 1326 1223; x_wconf 88' lang='lat' dir='ltr'>mutuam</span> <span class='ocrx_word' id='word_1_111' title='bbox 1368 1185 1540 1232; x_wconf 76' lang='lat' dir='ltr'>angulata</span> <span class='ocrx_word' id='word_1_112' title='bbox 1581 1186 1618 1221; x_wconf 88' lang='lat' dir='ltr'>et</span> 
     </span>
     <span class='ocr_line' id='line_1_16' title="bbox 78 1246 616 1297; baseline 0.006 -14"><span class='ocrx_word' id='word_1_113' title='bbox 78 1246 201 1284; x_wconf 85' lang='lat' dir='ltr'>forma</span> <span class='ocrx_word' id='word_1_114' title='bbox 230 1248 350 1296; x_wconf 84' lang='lat' dir='ltr'>magis</span> <span class='ocrx_word' id='word_1_115' title='bbox 382 1248 616 1297; x_wconf 79' lang='lat' dir='ltr'>irregularia.</span> 
     </span>
    </p>
   </div>
   <div class='ocr_carea' id='block_1_3' title="bbox 78 1360 1616 1477">
    <p class='ocr_par' dir='ltr' id='par_1_3' title="bbox 78 1360 1616 1477">
     <span class='ocr_line' id='line_1_17' title="bbox 188 1360 1616 1415; baseline 0.004 -18"><span class='ocrx_word' id='word_1_116' title='bbox 188 1360 465 1409; x_wconf 66' lang='lat' dir='ltr'>Splizerosporae</span> <span class='ocrx_word' id='word_1_117' title='bbox 507 1361 544 1396; x_wconf 92' lang='lat' dir='ltr'>in</span> <span class='ocrx_word' id='word_1_118' title='bbox 592 1362 708 1398; x_wconf 84' lang='lat' dir='ltr'>strato</span> <span class='ocrx_word' id='word_1_119' title='bbox 756 1361 1124 1410; x_wconf 82' lang='lat' dir='ltr'>infra-periplierico</span> <span class='ocrx_word' id='word_1_120' title='bbox 1172 1362 1359 1415; x_wconf 62' lang='lat' dir='ltr'>formata),</span> <span class='ocrx_word' id='word_1_121' title='bbox 1407 1363 1616 1402; x_wconf 75' lang='lat' dir='ltr'>rotundatae</span> 
     </span>
     <span class='ocr_line' id='line_1_18' title="bbox 78 1426 1154 1477; baseline 0.004 -13"><span class='ocrx_word' id='word_1_122' title='bbox 78 1429 141 1464; x_wconf 86' lang='lat' dir='ltr'>aut</span> <span class='ocrx_word' id='word_1_123' title='bbox 171 1426 358 1476; x_wconf 57' lang='lat' dir='ltr'>oblonga,</span> <span class='ocrx_word' id='word_1_124' title='bbox 391 1427 491 1464; x_wconf 86' lang='lat' dir='ltr'>varie</span> <span class='ocrx_word' id='word_1_125' title='bbox 523 1427 560 1464; x_wconf 92' lang='lat' dir='ltr'>in</span> <span class='ocrx_word' id='word_1_126' title='bbox 591 1427 750 1466; x_wconf 83' lang='lat' dir='ltr'>diversis</span> <span class='ocrx_word' id='word_1_127' title='bbox 781 1429 985 1477; x_wconf 85' lang='lat' dir='ltr'>generibus</span> <span class='ocrx_word' id='word_1_128' title='bbox 1017 1429 1154 1468; x_wconf 57' lang='lat' dir='ltr'>divisa).</span> 
     </span>
    </p>
   </div>
   <div class='ocr_carea' id='block_1_4' title="bbox 75 1538 1616 2398">
    <p class='ocr_par' dir='ltr' id='par_1_4' title="bbox 75 1538 1616 2398">
     <span class='ocr_line' id='line_1_19' title="bbox 189 1538 1616 1581; baseline 0.003 -5"><span class='ocrx_word' id='word_1_129' title='bbox 189 1541 240 1576; x_wconf 88' lang='lat' dir='ltr'>De</span> <span class='ocrx_word' id='word_1_130' title='bbox 271 1538 452 1575; x_wconf 90' lang='lat' dir='ltr'>limitibus</span> <span class='ocrx_word' id='word_1_131' title='bbox 484 1538 627 1577; x_wconf 83' lang='lat' dir='ltr'>ordinis</span> <span class='ocrx_word' id='word_1_132' title='bbox 659 1539 779 1577; x_wconf 78' lang='lat' dir='ltr'>adhuc</span> <span class='ocrx_word' id='word_1_133' title='bbox 826 1540 905 1578; x_wconf 89' lang='lat' dir='ltr'>fere</span> <span class='ocrx_word' id='word_1_134' title='bbox 946 1540 1094 1579; x_wconf 90' lang='lat' dir='ltr'>dubito.</span> <span class='ocrx_word' id='word_1_135' title='bbox 1164 1544 1242 1581; x_wconf 81' lang='lat' dir='ltr'>Nec</span> <span class='ocrx_word' id='word_1_136' title='bbox 1272 1541 1375 1580; x_wconf 87' lang='lat' dir='ltr'>enim</span> <span class='ocrx_word' id='word_1_137' title='bbox 1405 1543 1452 1580; x_wconf 91' lang='lat' dir='ltr'>de</span> <span class='ocrx_word' id='word_1_138' title='bbox 1485 1543 1616 1581; x_wconf 88' lang='lat' dir='ltr'>intima</span> 
     </span>
     <span class='ocr_line' id='line_1_20' title="bbox 76 1605 1616 1658; baseline 0.003 -15"><span class='ocrx_word' id='word_1_139' title='bbox 76 1605 257 1643; x_wconf 85' lang='lat' dir='ltr'>affinitate</span> <span class='ocrx_word' id='word_1_140' title='bbox 290 1606 515 1655; x_wconf 83' lang='lat' dir='ltr'>plantarum,</span> <span class='ocrx_word' id='word_1_141' title='bbox 547 1617 639 1654; x_wconf 84' lang='lat' dir='ltr'>quas</span> <span class='ocrx_word' id='word_1_142' title='bbox 670 1607 705 1643; x_wconf 90' lang='lat' dir='ltr'>in</span> <span class='ocrx_word' id='word_1_143' title='bbox 740 1618 857 1645; x_wconf 91' lang='lat' dir='ltr'>unum</span> <span class='ocrx_word' id='word_1_144' title='bbox 889 1608 1084 1655; x_wconf 79' lang='lat' dir='ltr'>conjunxi,</span> <span class='ocrx_word' id='word_1_145' title='bbox 1117 1609 1276 1646; x_wconf 89' lang='lat' dir='ltr'>omnino</span> <span class='ocrx_word' id='word_1_146' title='bbox 1303 1610 1501 1648; x_wconf 78' lang='lat' dir='ltr'>convictus</span> <span class='ocrx_word' id='word_1_147' title='bbox 1518 1622 1616 1658; x_wconf 84' lang='lat' dir='ltr'>sum,</span> 
     </span>
     <span class='ocr_line' id='line_1_21' title="bbox 77 1673 1616 1726; baseline 0.003 -16"><span class='ocrx_word' id='word_1_148' title='bbox 77 1684 150 1711; x_wconf 88' lang='lat' dir='ltr'>nec</span> <span class='ocrx_word' id='word_1_149' title='bbox 178 1673 257 1711; x_wconf 88' lang='lat' dir='ltr'>scio</span> <span class='ocrx_word' id='word_1_150' title='bbox 289 1684 334 1711; x_wconf 91' lang='lat' dir='ltr'>an</span> <span class='ocrx_word' id='word_1_151' title='bbox 366 1683 486 1721; x_wconf 86' lang='lat' dir='ltr'>genus</span> <span class='ocrx_word' id='word_1_152' title='bbox 517 1674 789 1721; x_wconf 62' lang='lat' dir='ltr'>Clirysymenize</span> <span class='ocrx_word' id='word_1_153' title='bbox 820 1675 956 1712; x_wconf 87' lang='lat' dir='ltr'>melius</span> <span class='ocrx_word' id='word_1_154' title='bbox 979 1676 1050 1712; x_wconf 83' lang='lat' dir='ltr'>lioc</span> <span class='ocrx_word' id='word_1_155' title='bbox 1083 1678 1167 1714; x_wconf 87' lang='lat' dir='ltr'>loco</span> <span class='ocrx_word' id='word_1_156' title='bbox 1199 1677 1482 1726; x_wconf 79' lang='lat' dir='ltr'>disponeretur.</span> <span class='ocrx_word' id='word_1_157' title='bbox 1514 1681 1616 1715; x_wconf 86' lang='lat' dir='ltr'>luter</span> 
     </span>
     <span class='ocr_line' id='line_1_22' title="bbox 78 1740 1614 1791; baseline 0.004 -14"><span class='ocrx_word' id='word_1_158' title='bbox 78 1751 218 1789; x_wconf 83' lang='lat' dir='ltr'>genera</span> <span class='ocrx_word' id='word_1_159' title='bbox 261 1740 407 1778; x_wconf 84' lang='lat' dir='ltr'>ordinis</span> <span class='ocrx_word' id='word_1_160' title='bbox 453 1740 669 1779; x_wconf 73' lang='lat' dir='ltr'>utiabdonia</span> <span class='ocrx_word' id='word_1_161' title='bbox 715 1742 956 1790; x_wconf 86' lang='lat' dir='ltr'>potissimum</span> <span class='ocrx_word' id='word_1_162' title='bbox 1001 1744 1144 1780; x_wconf 89' lang='lat' dir='ltr'>abludit</span> <span class='ocrx_word' id='word_1_163' title='bbox 1187 1744 1404 1791; x_wconf 82' lang='lat' dir='ltr'>gemmidiis</span> <span class='ocrx_word' id='word_1_164' title='bbox 1436 1745 1473 1783; x_wconf 89' lang='lat' dir='ltr'>in</span> <span class='ocrx_word' id='word_1_165' title='bbox 1505 1746 1562 1783; x_wconf 84' lang='lat' dir='ltr'>fila</span> <span class='ocrx_word' id='word_1_166' title='bbox 1595 1758 1614 1783; x_wconf 89' lang='lat' dir='ltr'>a</span> 
     </span>
     <span class='ocr_line' id='line_1_23' title="bbox 76 1808 1614 1858; baseline 0.004 -14"><span class='ocrx_word' id='word_1_167' title='bbox 76 1808 249 1858; x_wconf 85' lang='lat' dir='ltr'>placenta</span> <span class='ocrx_word' id='word_1_168' title='bbox 281 1818 592 1857; x_wconf 85' lang='lat' dir='ltr'>quoquoversum</span> <span class='ocrx_word' id='word_1_169' title='bbox 627 1809 807 1847; x_wconf 88' lang='lat' dir='ltr'>radiantia</span> <span class='ocrx_word' id='word_1_170' title='bbox 840 1810 920 1848; x_wconf 90' lang='lat' dir='ltr'>fere</span> <span class='ocrx_word' id='word_1_171' title='bbox 951 1811 1099 1848; x_wconf 86' lang='lat' dir='ltr'>seriatis</span> <span class='ocrx_word' id='word_1_172' title='bbox 1132 1811 1218 1857; x_wconf 88' lang='lat' dir='ltr'>(sed</span> <span class='ocrx_word' id='word_1_173' title='bbox 1251 1812 1378 1850; x_wconf 87' lang='lat' dir='ltr'>forsan</span> <span class='ocrx_word' id='word_1_174' title='bbox 1411 1823 1489 1850; x_wconf 90' lang='lat' dir='ltr'>non</span> <span class='ocrx_word' id='word_1_175' title='bbox 1516 1813 1614 1850; x_wconf 92' lang='lat' dir='ltr'>bene</span> 
     </span>
     <span class='ocr_line' id='line_1_24' title="bbox 77 1875 1613 1928; baseline 0.005 -16"><span class='ocrx_word' id='word_1_176' title='bbox 77 1875 234 1913; x_wconf 82' lang='lat' dir='ltr'>maturis</span> <span class='ocrx_word' id='word_1_177' title='bbox 272 1875 309 1912; x_wconf 92' lang='lat' dir='ltr'>in</span> <span class='ocrx_word' id='word_1_178' title='bbox 349 1876 524 1926; x_wconf 84' lang='lat' dir='ltr'>nostris),</span> <span class='ocrx_word' id='word_1_179' title='bbox 565 1877 667 1924; x_wconf 85' lang='lat' dir='ltr'>quod</span> <span class='ocrx_word' id='word_1_180' title='bbox 708 1877 913 1915; x_wconf 88' lang='lat' dir='ltr'>arctiorem</span> <span class='ocrx_word' id='word_1_181' title='bbox 951 1889 1037 1915; x_wconf 87' lang='lat' dir='ltr'>cum</span> <span class='ocrx_word' id='word_1_182' title='bbox 1075 1879 1452 1928; x_wconf 67' lang='lat' dir='ltr'>Spliferococcoideis</span> <span class='ocrx_word' id='word_1_183' title='bbox 1483 1881 1613 1919; x_wconf 78' lang='lat' dir='ltr'>altini-</span> 
     </span>
     <span class='ocr_line' id='line_1_25' title="bbox 77 1943 1615 1996; baseline 0.003 -15"><span class='ocrx_word' id='word_1_184' title='bbox 77 1946 189 1981; x_wconf 85' lang='lat' dir='ltr'>tatem</span> <span class='ocrx_word' id='word_1_185' title='bbox 220 1943 391 1981; x_wconf 89' lang='lat' dir='ltr'>indicare</span> <span class='ocrx_word' id='word_1_186' title='bbox 423 1946 617 1993; x_wconf 74' lang='lat' dir='ltr'>putarem,</span> <span class='ocrx_word' id='word_1_187' title='bbox 659 1948 697 1981; x_wconf 92' lang='lat' dir='ltr'>et</span> <span class='ocrx_word' id='word_1_188' title='bbox 727 1945 916 1996; x_wconf 81' lang='lat' dir='ltr'>Cliampia,</span> <span class='ocrx_word' id='word_1_189' title='bbox 949 1947 1057 1993; x_wconf 83' lang='lat' dir='ltr'>cujus</span> <span class='ocrx_word' id='word_1_190' title='bbox 1088 1946 1292 1994; x_wconf 88' lang='lat' dir='ltr'>gemmidia</span> <span class='ocrx_word' id='word_1_191' title='bbox 1322 1958 1421 1996; x_wconf 74' lang='lat' dir='ltr'>szepe</span> <span class='ocrx_word' id='word_1_192' title='bbox 1454 1947 1615 1986; x_wconf 82' lang='lat' dir='ltr'>obovata</span> 
     </span>
     <span class='ocr_line' id='line_1_26' title="bbox 76 2011 1613 2061; baseline 0.002 -12"><span class='ocrx_word' id='word_1_193' title='bbox 76 2012 113 2050; x_wconf 89' lang='lat' dir='ltr'>in</span> <span class='ocrx_word' id='word_1_194' title='bbox 145 2011 312 2050; x_wconf 85' lang='lat' dir='ltr'>articulis</span> <span class='ocrx_word' id='word_1_195' title='bbox 343 2011 606 2049; x_wconf 85' lang='lat' dir='ltr'>terminalibus</span> <span class='ocrx_word' id='word_1_196' title='bbox 637 2011 849 2060; x_wconf 87' lang='lat' dir='ltr'>(ramorum</span> <span class='ocrx_word' id='word_1_197' title='bbox 883 2014 1092 2051; x_wconf 86' lang='lat' dir='ltr'>lateralium</span> <span class='ocrx_word' id='word_1_198' title='bbox 1111 2017 1148 2051; x_wconf 88' lang='lat' dir='ltr'>et</span> <span class='ocrx_word' id='word_1_199' title='bbox 1166 2014 1444 2061; x_wconf 86' lang='lat' dir='ltr'>terminalium)</span> <span class='ocrx_word' id='word_1_200' title='bbox 1463 2014 1613 2052; x_wconf 82' lang='lat' dir='ltr'>filorum</span> 
     </span>
     <span class='ocr_line' id='line_1_27' title="bbox 76 2079 1615 2131; baseline 0.002 -15"><span class='ocrx_word' id='word_1_201' title='bbox 76 2080 258 2129; x_wconf 83' lang='lat' dir='ltr'>placentae</span> <span class='ocrx_word' id='word_1_202' title='bbox 291 2079 439 2117; x_wconf 82' lang='lat' dir='ltr'>evoluta</span> <span class='ocrx_word' id='word_1_203' title='bbox 484 2079 564 2116; x_wconf 82' lang='lat' dir='ltr'>fere</span> <span class='ocrx_word' id='word_1_204' title='bbox 603 2079 797 2131; x_wconf 88' lang='lat' dir='ltr'>crederes,</span> <span class='ocrx_word' id='word_1_205' title='bbox 842 2081 945 2128; x_wconf 85' lang='lat' dir='ltr'>quod</span> <span class='ocrx_word' id='word_1_206' title='bbox 984 2081 1205 2118; x_wconf 83' lang='lat' dir='ltr'>affinitatem</span> <span class='ocrx_word' id='word_1_207' title='bbox 1244 2092 1328 2118; x_wconf 91' lang='lat' dir='ltr'>cum</span> <span class='ocrx_word' id='word_1_208' title='bbox 1362 2082 1615 2131; x_wconf 69' lang='lat' dir='ltr'>tornentur-ia,</span> 
     </span>
     <span class='ocr_line' id='line_1_28' title="bbox 77 2147 1613 2200; baseline 0.003 -19"><span class='ocrx_word' id='word_1_209' title='bbox 77 2157 159 2195; x_wconf 81' lang='lat' dir='ltr'>quae</span> <span class='ocrx_word' id='word_1_210' title='bbox 204 2147 278 2185; x_wconf 90' lang='lat' dir='ltr'>alio</span> <span class='ocrx_word' id='word_1_211' title='bbox 324 2150 498 2196; x_wconf 87' lang='lat' dir='ltr'>respectu</span> <span class='ocrx_word' id='word_1_212' title='bbox 545 2148 626 2186; x_wconf 89' lang='lat' dir='ltr'>fere</span> <span class='ocrx_word' id='word_1_213' title='bbox 671 2149 834 2187; x_wconf 85' lang='lat' dir='ltr'>nimium</span> <span class='ocrx_word' id='word_1_214' title='bbox 879 2160 964 2186; x_wconf 88' lang='lat' dir='ltr'>cum</span> <span class='ocrx_word' id='word_1_215' title='bbox 1009 2150 1186 2199; x_wconf 80' lang='lat' dir='ltr'>Cliampia</span> <span class='ocrx_word' id='word_1_216' title='bbox 1225 2150 1416 2200; x_wconf 86' lang='lat' dir='ltr'>convenit,</span> <span class='ocrx_word' id='word_1_217' title='bbox 1449 2149 1613 2199; x_wconf 87' lang='lat' dir='ltr'>prodere</span> 
     </span>
     <span class='ocr_line' id='line_1_29' title="bbox 76 2216 1614 2265; baseline 0.001 -13"><span class='ocrx_word' id='word_1_218' title='bbox 76 2218 266 2264; x_wconf 89' lang='lat' dir='ltr'>appareat.</span> <span class='ocrx_word' id='word_1_219' title='bbox 333 2217 470 2252; x_wconf 84' lang='lat' dir='ltr'>Contra</span> <span class='ocrx_word' id='word_1_220' title='bbox 509 2216 824 2262; x_wconf 75' lang='lat' dir='ltr'>conjunctionem</span> <span class='ocrx_word' id='word_1_221' title='bbox 867 2228 957 2254; x_wconf 88' lang='lat' dir='ltr'>vero</span> <span class='ocrx_word' id='word_1_222' title='bbox 989 2228 1074 2254; x_wconf 92' lang='lat' dir='ltr'>cum</span> <span class='ocrx_word' id='word_1_223' title='bbox 1116 2218 1352 2255; x_wconf 89' lang='lat' dir='ltr'>Lomentaria</span> <span class='ocrx_word' id='word_1_224' title='bbox 1385 2220 1422 2254; x_wconf 91' lang='lat' dir='ltr'>et</span> <span class='ocrx_word' id='word_1_225' title='bbox 1452 2217 1614 2265; x_wconf 85' lang='lat' dir='ltr'>gelatina</span> 
     </span>
     <span class='ocr_line' id='line_1_30' title="bbox 75 2282 1612 2334; baseline 0.002 -15"><span class='ocrx_word' id='word_1_226' title='bbox 75 2282 257 2320; x_wconf 87' lang='lat' dir='ltr'>nucleum</span> <span class='ocrx_word' id='word_1_227' title='bbox 298 2282 484 2331; x_wconf 80' lang='lat' dir='ltr'>Cliampiae</span> <span class='ocrx_word' id='word_1_228' title='bbox 515 2282 687 2321; x_wconf 84' lang='lat' dir='ltr'>ambiens</span> <span class='ocrx_word' id='word_1_229' title='bbox 719 2287 754 2320; x_wconf 91' lang='lat' dir='ltr'>et</span> <span class='ocrx_word' id='word_1_230' title='bbox 787 2284 1081 2332; x_wconf 80' lang='lat' dir='ltr'>geminidiorum</span> <span class='ocrx_word' id='word_1_231' title='bbox 1115 2284 1315 2334; x_wconf 83' lang='lat' dir='ltr'>dispositio</span> <span class='ocrx_word' id='word_1_232' title='bbox 1347 2288 1461 2333; x_wconf 77' lang='lat' dir='ltr'>atque</span> <span class='ocrx_word' id='word_1_233' title='bbox 1492 2285 1612 2322; x_wconf 88' lang='lat' dir='ltr'>forma</span> 
     </span>
     <span class='ocr_line' id='line_1_31' title="bbox 75 2349 650 2398; baseline 0 -11"><span class='ocrx_word' id='word_1_234' title='bbox 75 2349 295 2398; x_wconf 82' lang='lat' dir='ltr'>irregularis</span> <span class='ocrx_word' id='word_1_235' title='bbox 326 2350 431 2398; x_wconf 84' lang='lat' dir='ltr'>loqui</span> <span class='ocrx_word' id='word_1_236' title='bbox 464 2350 650 2388; x_wconf 84' lang='lat' dir='ltr'>videntur.</span> 
     </span>
    </p>
   </div>
   <div class='ocr_carea' id='block_1_5' title="bbox 75 2459 1612 2984">
    <p class='ocr_par' dir='ltr' id='par_1_5' title="bbox 75 2459 1612 2984">
     <span class='ocr_line' id='line_1_32' title="bbox 187 2459 1612 2511; baseline 0.002 -16"><span class='ocrx_word' id='word_1_237' title='bbox 187 2460 342 2505; x_wconf 84' lang='lat' dir='ltr'>Qualem</span> <span class='ocrx_word' id='word_1_238' title='bbox 374 2459 549 2497; x_wconf 88' lang='lat' dir='ltr'>ordinem</span> <span class='ocrx_word' id='word_1_239' title='bbox 582 2461 653 2497; x_wconf 76' lang='lat' dir='ltr'>lioc</span> <span class='ocrx_word' id='word_1_240' title='bbox 684 2462 769 2498; x_wconf 90' lang='lat' dir='ltr'>loco</span> <span class='ocrx_word' id='word_1_241' title='bbox 810 2473 1001 2511; x_wconf 85' lang='lat' dir='ltr'>propono,</span> <span class='ocrx_word' id='word_1_242' title='bbox 1033 2473 1051 2499; x_wconf 91' lang='lat' dir='ltr'>a</span> <span class='ocrx_word' id='word_1_243' title='bbox 1084 2461 1337 2508; x_wconf 70' lang='lat' dir='ltr'>Ilalymeuieis</span> <span class='ocrx_word' id='word_1_244' title='bbox 1378 2460 1612 2509; x_wconf 87' lang='lat' dir='ltr'>gemmidio-</span> 
     </span>
     <span class='ocr_line' id='line_1_33' title="bbox 76 2526 1612 2577; baseline -0.002 -11"><span class='ocrx_word' id='word_1_245' title='bbox 76 2539 161 2566; x_wconf 85' lang='lat' dir='ltr'>rum</span> <span class='ocrx_word' id='word_1_246' title='bbox 201 2527 296 2564; x_wconf 87' lang='lat' dir='ltr'>intra</span> <span class='ocrx_word' id='word_1_247' title='bbox 335 2526 514 2563; x_wconf 88' lang='lat' dir='ltr'>articulos</span> <span class='ocrx_word' id='word_1_248' title='bbox 558 2528 707 2564; x_wconf 80' lang='lat' dir='ltr'>filorum</span> <span class='ocrx_word' id='word_1_249' title='bbox 741 2528 1098 2565; x_wconf 87' lang='lat' dir='ltr'>transformatorum</span> <span class='ocrx_word' id='word_1_250' title='bbox 1129 2528 1364 2577; x_wconf 81' lang='lat' dir='ltr'>evolutione,</span> <span class='ocrx_word' id='word_1_251' title='bbox 1396 2540 1414 2564; x_wconf 91' lang='lat' dir='ltr'>a</span> <span class='ocrx_word' id='word_1_252' title='bbox 1447 2530 1612 2564; x_wconf 79' lang='lat' dir='ltr'>Lomen-</span> 
     </span>
     <span class='ocr_line' id='line_1_34' title="bbox 76 2594 1612 2644; baseline 0 -11"><span class='ocrx_word' id='word_1_253' title='bbox 76 2594 203 2633; x_wconf 86' lang='lat' dir='ltr'>tarieis</span> <span class='ocrx_word' id='word_1_254' title='bbox 234 2594 373 2630; x_wconf 90' lang='lat' dir='ltr'>nucleo</span> <span class='ocrx_word' id='word_1_255' title='bbox 405 2594 638 2631; x_wconf 75' lang='lat' dir='ltr'>nucleolisve</span> <span class='ocrx_word' id='word_1_256' title='bbox 671 2595 831 2641; x_wconf 80' lang='lat' dir='ltr'>gelatina</span> <span class='ocrx_word' id='word_1_257' title='bbox 864 2595 1055 2632; x_wconf 89' lang='lat' dir='ltr'>ambiente</span> <span class='ocrx_word' id='word_1_258' title='bbox 1087 2595 1262 2632; x_wconf 80' lang='lat' dir='ltr'>cohibitis</span> <span class='ocrx_word' id='word_1_259' title='bbox 1293 2596 1484 2634; x_wconf 82' lang='lat' dir='ltr'>diversum</span> <span class='ocrx_word' id='word_1_260' title='bbox 1507 2599 1612 2644; x_wconf 86' lang='lat' dir='ltr'>puto.</span> 
     </span>
     <span class='ocr_line' id='line_1_35' title="bbox 75 2661 1611 2711; baseline -0.001 -10"><span class='ocrx_word' id='word_1_261' title='bbox 75 2667 101 2703; x_wconf 71' lang='lat' dir='ltr'>A</span> <span class='ocrx_word' id='word_1_262' title='bbox 130 2661 335 2711; x_wconf 77' lang='lat' dir='ltr'>Spyridieis</span> <span class='ocrx_word' id='word_1_263' title='bbox 367 2665 404 2698; x_wconf 94' lang='lat' dir='ltr'>et</span> <span class='ocrx_word' id='word_1_264' title='bbox 436 2661 725 2708; x_wconf 59' lang='lat' dir='ltr'>l‘iliodymenieis</span> <span class='ocrx_word' id='word_1_265' title='bbox 759 2662 951 2700; x_wconf 87' lang='lat' dir='ltr'>frondium</span> <span class='ocrx_word' id='word_1_266' title='bbox 989 2665 1176 2700; x_wconf 83' lang='lat' dir='ltr'>structura</span> <span class='ocrx_word' id='word_1_267' title='bbox 1223 2663 1332 2700; x_wconf 87' lang='lat' dir='ltr'>facile</span> <span class='ocrx_word' id='word_1_268' title='bbox 1364 2661 1611 2710; x_wconf 75' lang='lat' dir='ltr'>dignoscitur.</span> 
     </span>
     <span class='ocr_line' id='line_1_36' title="bbox 77 2729 1610 2779; baseline -0.001 -10"><span class='ocrx_word' id='word_1_269' title='bbox 77 2734 441 2778; x_wconf 70' lang='lat' dir='ltr'>Cryptonemearum</span> <span class='ocrx_word' id='word_1_270' title='bbox 486 2730 531 2766; x_wconf 89' lang='lat' dir='ltr'>ad</span> <span class='ocrx_word' id='word_1_271' title='bbox 578 2731 809 2779; x_wconf 80' lang='lat' dir='ltr'>exemplum,</span> <span class='ocrx_word' id='word_1_272' title='bbox 856 2729 1101 2767; x_wconf 82' lang='lat' dir='ltr'>Dumontieas</span> <span class='ocrx_word' id='word_1_273' title='bbox 1147 2733 1184 2767; x_wconf 92' lang='lat' dir='ltr'>et</span> <span class='ocrx_word' id='word_1_274' title='bbox 1229 2730 1528 2777; x_wconf 71' lang='lat' dir='ltr'>uliodymenieas</span> <span class='ocrx_word' id='word_1_275' title='bbox 1575 2731 1610 2768; x_wconf 91' lang='lat' dir='ltr'>iu</span> 
     </span>
     <span class='ocr_line' id='line_1_37' title="bbox 78 2796 1611 2846; baseline 0.001 -12"><span class='ocrx_word' id='word_1_276' title='bbox 78 2798 230 2835; x_wconf 88' lang='lat' dir='ltr'>unicum</span> <span class='ocrx_word' id='word_1_277' title='bbox 278 2797 455 2835; x_wconf 87' lang='lat' dir='ltr'>ordinem</span> <span class='ocrx_word' id='word_1_278' title='bbox 503 2797 627 2834; x_wconf 82' lang='lat' dir='ltr'>forsan</span> <span class='ocrx_word' id='word_1_279' title='bbox 674 2797 911 2844; x_wconf 83' lang='lat' dir='ltr'>conjungere</span> <span class='ocrx_word' id='word_1_280' title='bbox 956 2796 1089 2846; x_wconf 80' lang='lat' dir='ltr'>debui3</span> <span class='ocrx_word' id='word_1_281' title='bbox 1130 2797 1244 2834; x_wconf 87' lang='lat' dir='ltr'>nullis</span> <span class='ocrx_word' id='word_1_282' title='bbox 1284 2808 1374 2836; x_wconf 78' lang='lat' dir='ltr'>vero</span> <span class='ocrx_word' id='word_1_283' title='bbox 1406 2797 1611 2846; x_wconf 80' lang='lat' dir='ltr'>generibus</span> 
     </span>
     <span class='ocr_line' id='line_1_38' title="bbox 77 2863 1606 2914; baseline 0.002 -13"><span class='ocrx_word' id='word_1_284' title='bbox 77 2864 190 2902; x_wconf 80' lang='lat' dir='ltr'>liodie</span> <span class='ocrx_word' id='word_1_285' title='bbox 221 2864 320 2901; x_wconf 90' lang='lat' dir='ltr'>inter</span> <span class='ocrx_word' id='word_1_286' title='bbox 351 2865 418 2903; x_wconf 76' lang='lat' dir='ltr'>lios</span> <span class='ocrx_word' id='word_1_287' title='bbox 451 2864 606 2902; x_wconf 87' lang='lat' dir='ltr'>ordines</span> <span class='ocrx_word' id='word_1_288' title='bbox 639 2864 837 2901; x_wconf 84' lang='lat' dir='ltr'>transitum</span> <span class='ocrx_word' id='word_1_289' title='bbox 868 2863 1136 2912; x_wconf 81' lang='lat' dir='ltr'>mediantibus,</span> <span class='ocrx_word' id='word_1_290' title='bbox 1167 2864 1214 2902; x_wconf 87' lang='lat' dir='ltr'>‹le</span> <span class='ocrx_word' id='word_1_291' title='bbox 1235 2867 1398 2913; x_wconf 80' lang='lat' dir='ltr'>utroque</span> <span class='ocrx_word' id='word_1_292' title='bbox 1416 2864 1606 2914; x_wconf 83' lang='lat' dir='ltr'>sigillatim</span> 
     </span>
     <span class='ocr_line' id='line_1_39' title="bbox 77 2932 1383 2984; baseline 0.002 -15"><span class='ocrx_word' id='word_1_293' title='bbox 77 2942 190 2980; x_wconf 82' lang='lat' dir='ltr'>agere</span> <span class='ocrx_word' id='word_1_294' title='bbox 220 2932 348 2984; x_wconf 87' lang='lat' dir='ltr'>malui,</span> <span class='ocrx_word' id='word_1_295' title='bbox 379 2943 491 2983; x_wconf 86' lang='lat' dir='ltr'>quam</span> <span class='ocrx_word' id='word_1_296' title='bbox 524 2944 600 2971; x_wconf 92' lang='lat' dir='ltr'>non</span> <span class='ocrx_word' id='word_1_297' title='bbox 633 2935 737 2971; x_wconf 84' lang='lat' dir='ltr'>certe</span> <span class='ocrx_word' id='word_1_298' title='bbox 767 2933 891 2971; x_wconf 81' lang='lat' dir='ltr'>affinia</span> <span class='ocrx_word' id='word_1_299' title='bbox 925 2932 961 2970; x_wconf 89' lang='lat' dir='ltr'>in</span> <span class='ocrx_word' id='word_1_300' title='bbox 995 2944 1110 2971; x_wconf 75' lang='lat' dir='ltr'>uniun</span> <span class='ocrx_word' id='word_1_301' title='bbox 1145 2932 1383 2972; x_wconf 85' lang='lat' dir='ltr'>consociare.</span> 
     </span>
    </p>
   </div>
  </div>
 </body>
</html>
