1895 3208
263 149 322 191 39
331 150 357 191 8
906 147 1179 188 {nonviiaaissffi
1531 142 1801 190 Plocamium.

355 279 569 311 Plocamium
595 284 782 318 procerum
810 274 914 308 Sulir.
943 275 1013 318 Aly.
1042 274 1133 309 Eclslv
1162 285 1197 310 η.
1224 278 1263 310 ⁶24
1295 276 1363 311 tab.
1391 277 1431 311 II
1450 275 1507 322 fiq.
1534 280 1592 313 20!

354 337 400 369 ri.
428 337 636 368 coccineum
663 343 733 367 var.
762 334 987 367 latiusculum
1015 333 1120 367 Ii'c'c'lz.
1145 334 1202 378 Sp.
1231 337 1301 380 Alq.
1324 347 1358 381 p.
1388 339 1471 371 881!

372 407 458 444 Hali.
489 406 534 444 ad
567 410 654 455 Cap.
687 405 720 442 b.
752 405 836 455 Spei
871 406 1069 454 (l'appel).

353 483 539 516 l‘locamiis
567 483 709 524 proprie
736 483 788 515 sic
815 482 919 515 dictis
947 482 1069 525 major,
1097 485 1289 528 procerior,
1317 484 1391 517 sere
1419 486 1654 529 ss-pollicaris,
1682 486 1802 520 latitu-

260 542 339 574 dine
367 544 482 574 tamen
511 542 567 574 vix
594 541 720 574 lineam
747 542 828 583 lata,
857 540 992 573 inferne
1017 541 1326 587 subcartilaginea,
1355 547 1453 577 costa
1483 545 1593 577 valida
1622 553 1801 586 percursa,

258 607 411 642 superne
451 602 555 632 tenue
595 599 877 640 membranacea,
911 600 1009 631 costa
1038 600 1153 632 minus
1180 602 1375 642 conspicua
1403 602 1530 634 lineam
1556 604 1803 636 tenuissimam

257 658 457 691 aemulaute.
520 657 639 690 Pinare
678 657 811 690 alterne
851 659 972 699 termr,
1012 658 1046 689 in
1079 657 1210 699 juniori
1249 659 1368 700 planta
1406 661 1594 702 aliquando
1633 664 1801 703 geminae·7

257 720 337 761 plus
364 727 467 760 quam
495 720 613 750 ternas
640 717 673 749 in
700 717 819 758 planta
848 717 979 757 optime
1007 717 1145 749 evoluta
1173 726 1242 751 non
1269 718 1358 760 vidi,
1385 719 1503 751 infima
1529 722 1801 760 tergeminarum

258 778 419 820 simplex,
446 776 699 818 sesquilineam
739 775 811 807 lere
848 775 963 817 longa,
990 775 1065 808 basi
1093 775 1221 808 lineam
1249 775 1428 809 dimidiam
1457 777 1536 818 lata,
1564 778 1711 811 sormam
1738 780 1802 811 tri-

258 836 373 876 anguli
402 834 616 875 angustioris
645 832 813 876 reserens,
847 833 1102 877 obtusiuscula,
1141 835 1297 875 margine
1338 836 1563 876 integerrima
1601 839 1660 870 aut
1694 836 1802 870 obso-

257 895 428 927 letissime
473 892 668 925 crenulata.
739 891 842 923 Color
880 892 1026 933 pulchre
1071 893 1275 925 coccineuS.
1343 893 1480 926 Cliartze
1520 903 1590 927 non
1629 895 1798 928 adhaeret.

258 953 405 986 Fructus
433 961 476 985 ex
503 952 742 993 descriptione
769 950 884 983 Subrii
911 959 1017 992 supra
1045 951 1204 992 adposui.

352 1010 498 1052 Species
525 1009 614 1052 licre,
641 1010 718 1041 sine
746 1008 851 1041 dubio
879 1017 895 1040 a
925 1009 1057 1049 vulgari
1089 1010 1209 1051 specie
1237 1011 1417 1054 distincta,
1444 1012 1568 1045 mirum
1596 1013 1629 1046 in
1657 1013 1799 1046 modum

259 1069 404 1102 confusa
431 1068 505 1101 suit.
557 1068 621 1100 Pro
648 1067 858 1100 Delesseriae
886 1069 1050 1109 plocamii
1079 1077 1149 1101 var.
1184 1070 1334 1111 procera
1359 1070 1417 1113 Ay.
1445 1080 1496 1113 sp.
1524 1080 1542 1103 a
1570 1070 1696 1103 Subrio
1723 1071 1798 1112 pri—

258 1137 353 1160 mum
379 1126 508 1169 habita,
543 1126 607 1159 sed
634 1129 670 1158 ut
696 1128 836 1167 species
863 1126 1029 1159 distincta
1056 1129 1249 1168 proposita.
1306 1128 1456 1170 liiitzing
1484 1131 1598 1173 aliam,
1626 1130 1660 1162 ni
1687 1129 1798 1172 fallor,

258 1187 414 1228 speciem
453 1186 490 1217 ut
527 1183 736 1216 Subi-ianam
775 1184 994 1227 describens,
1032 1188 1247 1225 prementem
1288 1188 1465 1220 varietatis
1500 1188 1542 1220 ad
1568 1189 1679 1220 instar
1704 1186 1797 1219 Ploo.

258 1244 427 1276 coccineo
467 1242 637 1283 adjunxit.
701 1241 781 1274 leon
820 1241 1004 1283 Suliriana,
1045 1242 1126 1274 licet
1165 1243 1275 1286 rudis,
1313 1246 1449 1276 costam
1489 1247 1605 1277 tamea
1633 1245 1798 1278 distincte

258 1304 392 1344 (saltim
420 1304 452 1334 in
482 1302 552 1334 tab.
579 1301 753 1342 colorata)
781 1300 948 1333 ostendit.

352 1361 393 1394 Ut
419 1362 453 1394 in
480 1359 548 1394 lab.
575 1361 618 1392 63
649 1358 754 1393 Τιιιή.
782 1358 870 1393 llise.
898 1360 1110 1403 depingitur,
1138 1363 1172 1393 et
1198 1362 1230 1394 in
1259 1361 1419 1403 pluribus
1446 1363 1595 1395 castatis
1611 1360 1799 1404 speciebus

258 1423 396 1462 generis
428 1420 582 1463 obvenit,
617 1421 664 1452 ita
697 1420 731 1451 in
768 1419 832 1452 liac
859 1429 903 1451 ex
930 1419 1091 1461 apicibus
1118 1420 1289 1452 mutilatis
1317 1420 1450 1453 frondis
1479 1420 1601 1453 senilis
1628 1420 1800 1461 pullulant

258 1489 357 1513 novae
385 1482 419 1512 et
446 1479 670 1519 angustiores
697 1477 986 1521 prolilicationes‚
1020 1477 1155 1510 inferne
1188 1480 1324 1512 costam
1352 1479 1481 1512 nudam
1508 1488 1526 1512 a
1555 1479 1655 1512 senili
1683 1488 1799 1512 emer-

257 1541 398 1580 gentem
426 1537 631 1570 referentes.

258 1677 293 1716 ὃ.
326 1681 381 1717 PL.
415 1679 574 1714 [loomim
609 1674 751 1720 (Harl).
784 1678 826 1713 in
858 1674 938 1723 Δίῃ.
971 1680 1148 1714 antarcc.
1177 1687 1213 1724 p.
1247 1674 1290 1723 9)
1324 1676 1460 1714 fronde
1481 1676 1613 1714 lineari
1633 1678 1800 1714 ecostata

368 1744 834 1794 decomposito-pinnaia,
875 1744 1001 1794 pinnis
1043 1744 1189 1782 alterne
1229 1744 1362 1794 ternis,
1395 1744 1579 1782 inferiore
1609 1744 1799 1782 obovato-

368 1813 576 1851 lanceolata
624 1812 870 1859 integerrima
915 1815 979 1849 aut
1022 1815 1234 1850 exli-orsum
1268 1815 1433 1861 eremita,
1463 1813 1707 1861 superiorum
1740 1813 1799 1849 la-

369 1880 478 1917 ciniis
522 1880 643 1917 multo
688 1879 916 1929 minoribns,
957 1880 1214 1928 sporopliyllis
1257 1879 1434 1930 digitalis,
1479 1880 1625 1918 laciniis
1656 1879 1799 1918 obtusis

368 1947 614 1996 simplicibus.

350 2023 398 2056 Pl.
426 2022 574 2056 Hookeri
614 2022 724 2057 Harv.
761 2023 781 2056 l.
821 2034 852 2057 c.
888 2023 925 2055 in
960 2021 1068 2055 Hools.
1095 2021 1206 2056 Lond.
1231 2021 1362 2056 Journ.
1391 2021 1478 2055 1845
1501 2030 1536 2063 p.
1565 2022 1650 2055 2571
1678 2020 1797 2065 Crypt.

257 2083 331 2115 ant.
354 2092 389 2125 p.
419 2082 495 2115 ⁴68.
521 2080 604 2115 Ner.
632 2081 750 2115 Ausci:
773 2091 808 2125 p.
838 2081 902 2114 424
930 2080 999 2115 tab.
1026 2079 1156 2114 XLIIJJ
1179 2079 1283 2114 Ii'zitz..
1309 2090 1360 2124 sp.
1383 2091 1418 2124 p.
1447 2081 1528 2114 8861

368 2153 456 2191 llab.
489 2153 525 2190 in
555 2153 650 2190 mari
681 2152 835 2190 australi
866 2152 910 2189 ad
944 2152 1284 2200 Kerguelen-Land
1319 2153 1542 2201 (llookerl).

352 2229 460 2263 Frons
488 2231 599 2263 8-40
628 2238 707 2263 unc.
735 2230 848 2272 longa,
877 2230 933 2262 vix
961 2230 1061 2262 lineae
1090 2229 1272 2273 diametro,
1290 2230 1798 2274 plano-compressa,cartila-

257 2290 371 2329 ginea.
420 2289 515 2321 Rami
543 2289 699 2330 primarii
726 2290 900 2331 patentes,
921 2288 1122 2321 secundarii
1139 2288 1647 2331 circumsrriptionelineares,
1663 2289 1799 2331 alterni,

256 2347 418 2390 flexuosi,
445 2347 600 2379 ramulos
627 2347 891 2388 decompositos
919 2343 1174 2388 simplicesque
1201 2345 1397 2386 gerenteS.”
1424 2345 1640 2379 Ramificatio
1656 2348 1797 2379 omnino

257 2408 467 2437 caeterarum
493 2405 712 2447 specierum,
745 2405 862 2446 pinnis
890 2405 1093 2444 tergeminis
1121 2405 1152 2435 in
1183 2414 1250 2437 uno
1277 2404 1457 2445 alteroque
1483 2404 1593 2436 latere
1620 2404 1798 2436 alternan-

257 2463 363 2495 tibus.
425 2462 533 2495 Pinna
574 2463 717 2496 inserior
744 2463 904 2506 simplex,
945 2464 1149 2504 superiores
1177 2463 1422 2503 decompositi.
1471 2461 1590 2495 Pinna:
1616 2462 1797 2503 simplices

258 2524 406 2561 anguste
445 2521 842 2564 obovato-laiic-colatae,
881 2521 1053 2564 eustratio,
1093 2522 1238 2564 avenioe,
1272 2521 1512 2561 integerrimae
1539 2522 1598 2553 aut
1624 2521 1797 2553 exteriore

257 2580 414 2619 margine
453 2582 618 2621 crenata‘,
658 2581 691 2612 in
731 2580 853 2620 fragm.
880 2581 1012 2612 uostris
1040 2578 1213 2612 3-4-1511.
1240 2580 1355 2619 longae
1382 2580 1580 2620 lineamque
1606 2579 1698 2620 latm,
1724 2586 1796 2609 sec.

259 2637 392 2679 llarvey
420 2636 625 2679 ¹s2-unciam
657 2638 771 2678 longa>
798 2640 833 2670 et
861 2636 1088 2681 l¹s2--3-liii.
1117 2638 1208 2671 lalar.
1259 2636 1489 2679 Sporophylla
1517 2645 1584 2668 non
1611 2634 1698 2675 vidi,
1724 2642 1796 2666 sec.

258 2695 393 2737 llarvey
432 2695 551 2727 brevia
591 2696 745 2730 lateralia
774 2697 881 2729 dense
917 2696 1120 2729 fasciculata
1149 2696 1305 2738 digilata,
1333 2696 1469 2728 laciniis
1496 2694 1632 2727 obtusis
1659 2693 1797 2734 simpli—

258 2754 371 2787 cibus.
422 2752 651 2796 Cyst-ocarpia
679 2755 912 2797 sec.-Harvey
938 2755 1093 2787 lateralia
1121 2755 1257 2787 sessilia
1286 2762 1420 2796 sparsa.

351 2812 401 2845 Ad
429 2813 578 2846 eundem
613 2815 755 2846 omnino
789 2823 829 2847 ac
863 2817 993 2846 ceterae.
1020 2813 1160 2855 species
1189 2815 1308 2855 typum
1337 2812 1490 2845 condita.
1541 2810 1690 2853 Organa,
1718 2819 1796 2852 quae

260 2868 339 2901 solia
378 2874 559 2912 nuncupat
596 2871 741 2914 Harvey,
780 2872 935 2913 pinnula}
962 2872 1113 2913 simplici
1141 2871 1173 2903 in
1208 2871 1285 2903 aliis
1311 2869 1502 2912 speciebus
1530 2869 1612 2900 sunt
1637 2868 1795 2911 analoga,

260 2929 293 2960 at
321 2928 430 2961 fornia
458 2931 606 2964 diversa.
658 2930 874 2964 Ramifieatio
903 2931 936 2963 in
964 2929 1127 2963 omnibus
1157 2928 1290 2962 eadem.
