1895 3208
346 149 439 189 548
748 147 986 189 ConALmNEAE
1007 146 1182 202 (Auaron.
1204 145 1449 206 ARESCH.).
1543 145 1862 192 slrtlzrocarde'a.

454 281 526 318 culi
566 280 734 331 oblongi,
769 280 916 317 cuneati
947 280 972 317 1.
1003 280 1469 319 cordato-obrenil'ormes
1506 282 1690 330 geniculis
1720 283 1863 321 ecorti-

454 356 543 392 eatis
572 353 748 392 brevibus
777 354 1030 403 subadpressi.
1094 355 1324 394 Ir'eramidia
1354 356 1392 394 in
1423 356 1590 406 apicibus
1620 357 1866 395 articulorum

451 427 651 477 apicalium
694 439 826 478 parum
866 432 1098 467 mutatorum
1138 430 1315 469 immersa
1360 430 1540 482 solitaria,
1569 443 1665 480 poro
1697 435 1866 480 pertusa,

451 503 664 552 l‘erisporia
707 515 727 540 e
770 503 887 541 fundo
931 504 1131 542 Keramidii
1169 509 1307 557 erecta,
1337 518 1466 556 sporas
1496 509 1673 554 quattuor
1702 505 1866 544 zonatim

451 578 674 615 secedentes
705 577 948 616 includentia.

451 691 617 729 Positum
650 695 705 730 est
734 693 807 730 hoc
825 704 956 744 genus,
974 696 1014 730 ut
1031 694 1141 731 nobis
1158 694 1434 746 videtur,inter
1450 695 1738 746 Cheilosporum
1755 700 1866 745 atque

341 765 579 803 Corallinain.
611 766 662 804 Ab
692 767 757 804 illo
789 767 912 805 differt
928 769 1198 807 keramidiisin
1216 770 1385 819 apicibus
1403 771 1548 817 (necin
1565 769 1734 818 margine
1752 771 1866 808 lobo-

342 843 444 889 rum)
474 840 721 879 articulorum
751 843 952 892 apicalium
983 843 1159 881 solitariis
1190 844 1426 895 immersis,a
1445 845 1631 883 Corallina
1650 856 1739 883 vero
1757 845 1868 883 distat

343 920 382 952 ut
421 916 710 965 Cheilosporum
753 917 970 955 keramidiis
1012 918 1201 957 immersis
1244 922 1427 968 extusque
1468 930 1602 969 parum
1640 920 1868 969 conspicuis.

341 993 459 1028 Frons
497 991 722 1029 normaliter
760 992 919 1030 omnino
959 993 1109 1040 pinnata
1151 1004 1223 1031 nec
1264 1005 1443 1044 unquam,
1489 994 1559 1032 nisi
1602 996 1867 1045 anamorpliosi

341 1065 514 1116 quadam,
546 1065 845 1104 subdichotoma.
912 1066 1063 1104 Articuli
1103 1068 1179 1105 basi
1213 1070 1293 1118 plus
1323 1069 1448 1107 minus
1479 1069 1716 1119 cylindracei,
1748 1081 1868 1119 supe-

343 1141 462 1178 riores
503 1143 642 1177 teretes
674 1141 694 1178 l.
727 1140 948 1191 compressi,
987 1142 1155 1190 oblongi,
1194 1142 1383 1194 obconici,
1414 1145 1563 1182 cuneati
1596 1146 1616 1182 l.
1650 1145 1761 1182 etiam
1793 1145 1866 1183 ob-

341 1214 469 1265 lunati,
501 1214 597 1252 lobis
627 1215 843 1252 lateralibus
873 1216 955 1264 plus
986 1215 1112 1253 minus
1144 1217 1349 1265 explicatis.
1408 1222 1597 1256 Structura
1629 1219 1666 1257 in
1693 1220 1868 1259 omnibus

340 1289 605 1327 essentialibus
640 1292 681 1326 ut
714 1289 752 1326 in
789 1289 1051 1339 Cbeilosporo.
1112 1291 1323 1330 Keramidia
1356 1293 1393 1330 in
1425 1293 1592 1342 apicibus
1622 1293 1867 1332 articulorum

339 1364 539 1414 apicalium
582 1375 678 1413 poro
716 1364 879 1413 pei-tusis
911 1368 1094 1414 extusque
1125 1376 1257 1414 parum
1289 1367 1500 1404 incrassatis
1530 1369 1551 1405 l.
1582 1368 1691 1417 plane
1725 1370 1867 1407 immu-

339 1439 422 1476 tatis
453 1439 611 1477 omnino
643 1439 832 1477 immersa.
896 1440 1106 1489 Perisporia
1139 1452 1159 1478 e
1192 1441 1309 1478 fundo
1340 1441 1537 1480 keramidii
1570 1447 1708 1495 erecta,
1738 1456 1868 1494 sporus

339 1516 517 1562 quattuor
546 1514 711 1551 zonatim
741 1514 966 1551 secedentes
995 1514 1238 1565 includentia.

450 1589 525 1626 Cel.
558 1589 751 1640 Decaisne,
783 1600 947 1637 eumque
979 1590 1042 1638 qui
1074 1594 1286 1638 sequuntur
1317 1602 1464 1641 omnes,
1494 1592 1640 1640 species
1657 1592 1868 1641 primarias,

340 1673 431 1711 quas
470 1663 507 1701 in
547 1664 619 1700 boc
655 1675 797 1711 genere
834 1664 1116 1715 conjungimus,
1147 1664 1185 1702 in
1217 1665 1387 1703 sectione
1417 1666 1686 1705 Arthrocardiae
1717 1668 1867 1715 generis

339 1738 548 1786 Ampliiroae
590 1742 814 1789 posuerunt,
859 1750 902 1776 ea
941 1739 1086 1776 scilicet
1129 1741 1332 1790 sententia,
1363 1744 1403 1778 ut
1433 1741 1593 1779 habeant
1622 1742 1676 1780 hae
1707 1741 1868 1793 species,

340 1812 452 1849 veluti
498 1821 593 1849 verae
635 1812 858 1863 Amphiroae,
900 1814 1106 1852 keramidia
1145 1815 1183 1852 in
1226 1815 1361 1853 mediis
1405 1816 1572 1854 articulis
1619 1817 1866 1866 erumpentia.

338 1886 506 1924 Aliorum
551 1887 804 1926 observationi
850 1888 1013 1926 libenter
1057 1889 1305 1941 confidimus,
1348 1891 1558 1929 innumeris
1601 1901 1691 1929 vero
1735 1891 1865 1930 harum

340 1960 555 2010 specierum
585 1960 806 1999 examinatis
836 1962 1120 2014 speciminibus,
1151 1964 1447 2002 keramidiorum
1477 1966 1685 2014 Amphiroae
1716 1966 1866 2004 medios

339 2046 410 2083 per
451 2034 628 2073 articulos
672 2048 890 2085 sparsorum
931 2048 1002 2075 nos
1047 2050 1095 2076 nc
1138 2040 1339 2077 minimum
1382 2040 1536 2089 quidem
1574 2040 1612 2078 in
1643 2040 1698 2078 his
1728 2041 1866 2079 vidisse

341 2109 552 2161 vestigium,
569 2111 690 2159 palam
721 2111 977 2160 profitendum
1007 2115 1073 2150 est.
1132 2114 1205 2152 Sed
1237 2114 1274 2151 iu
1305 2115 1475 2165 apicibus
1504 2116 1750 2154 articulorum
1779 2115 1864 2164 api-

340 2185 476 2222 calium
507 2196 602 2234 poro
635 2186 797 2234 pei-tusis
829 2187 1034 2226 kei-amidia
1054 2188 1276 2237 perisporiis
1294 2191 1558 2239 pulcherrimis
1574 2190 1779 2241 sporigeris
1797 2202 1863 2228 rc-

341 2259 435 2297 serta
459 2270 543 2296 cum
571 2259 911 2312 observaverimus,
936 2262 1030 2299 banc
1046 2264 1375 2302 fructificationem
1393 2266 1603 2303 normalem
1621 2265 1864 2303 considerare

340 2334 449 2372 nobis
468 2346 693 2372 concessum
718 2335 919 2373 credimus.
954 2337 1042 2374 lude
1060 2338 1332 2389 Artlirocardia,
1350 2342 1389 2375 ut
1406 2350 1489 2377 eam
1506 2340 1578 2377 lioc
1594 2341 1678 2378 loco
1695 2340 1863 2377 circum—

340 2410 572 2461 scripsimus,
589 2421 674 2447 cum
693 2411 813 2447 l'ructu
833 2411 1027 2449 Corallinae
1045 2433 1094 2438 —
1114 2423 1198 2449 nam
1230 2413 1424 2451 Coralliuae
1455 2414 1702 2452 keramidium
1734 2417 1863 2451 exter-

339 2495 429 2521 num
462 2487 518 2521 est
547 2484 725 2523 articulus
756 2484 861 2534 apice
892 2496 989 2534 poro
1020 2489 1207 2537 pertusus,
1237 2487 1325 2525 licet
1354 2489 1863 2538 magistranslormatum—

340 2569 424 2595 cum
442 2558 578 2596 fronde
596 2570 685 2597 vero
703 2560 925 2598 normaliter
940 2559 1156 2598 dichotoma
1173 2562 1381 2610 Ampliiroae
1398 2564 1522 2601 minus
1539 2574 1651 2612 quam
1668 2561 1861 2600 Corallinae

339 2632 461 2670 affinis
491 2632 654 2683 videtur3
685 2635 801 2672 immo
835 2634 871 2671 in
903 2634 1089 2672 Corallina
1118 2636 1297 2675 articulos
1327 2638 1489 2686 apicales
1520 2648 1615 2686 poro
1645 2636 1750 2685 apice
1767 2646 1859 2684 per-

342 2710 445 2744 tusos
476 2708 635 2746 vidimus
673 2718 961 2758 nonnunquam,
991 2711 1028 2745 at
1058 2709 1267 2759 perisporia
1305 2711 1476 2749 iuvenire
1506 2720 1698 2758 nunquam
1729 2709 1859 2757 potui-

339 2791 434 2820 mus
467 2803 516 2809 -—
548 2785 698 2820 Ceteras
728 2795 748 2819 a
778 2782 958 2820 Decaisne
990 2786 1182 2831 ctllarvey
1198 2785 1466 2823 Arthrocardiae
1482 2783 1684 2832 adscriptas
1701 2783 1861 2833 specics,

341 2865 396 2893 ex.
428 2866 481 2903 gr.
510 2857 637 2906 Amph.
669 2856 948 2908 Orbignianam,
978 2860 1014 2895 Λ.
1034 2858 1280 2909 chiloensem‚
1299 2859 1485 2908 nobisque
1514 2867 1646 2908 parum
1678 2857 1859 2907 cognitas,
