1895 3208
282 157 375 199 452
925 150 1168 192 flumem.
1623 148 1816 208 Hypaea.

374 287 552 330 Spliaeroc.
581 282 820 317 musoiformis
847 290 916 315 var.
945 282 1076 324 pumila
1104 279 1210 315 llarv.
1238 280 1310 326 Δίῃ.
1342 279 1481 325 Telsaz'r.
1508 282 1543 316 in
1566 281 1815 316 [look-Aoum.

278 345 355 380 Bot.
381 346 409 379 I.
433 354 468 387 p.
498 342 585 376 447?

391 416 478 453 llab.
512 415 548 452 in
581 425 728 452 oceano
759 413 937 450 atlantico
970 411 1159 461 calidiori,
1191 412 1235 450 ad
1270 423 1355 450 oras
1387 413 1547 451 [basiliae
1580 414 1816 460 (Cliamissol

278 483 484 533 Martiusl),
515 482 559 519 ad
594 482 734 519 insulas
768 481 882 518 Indiae
914 479 1160 517 occidentalis
1193 481 1383 528 (Benzonl
1417 481 1480 519 ΙΙΙ).
1511 482 1696 519 Mertensl
1729 481 1818 526 otc.)

278 555 316 587 et
346 552 446 588 littus
476 550 718 588 mexicanum
751 548 1014 596 (Liel›1nanl);
1044 547 1083 585 in
1116 557 1263 585 oceano
1296 547 1424 585 indico
1455 548 1500 586 ad
1534 548 1692 586 Insulam
1711 551 1817 587 Mau-

278 620 351 658 ritii
385 619 596 669 (Telfairl).

371 699 543 739 Caespites
576 695 735 737 depressi
770 695 933 727 videntur
965 695 999 726 et
1033 694 1123 726 inter
1157 693 1294 734 lapillos
1322 693 1547 735 conchasque
1575 694 1733 734 expansi,
1763 694 1817 725 in-

278 758 404 790 tricati.
437 755 593 789 Frondes
621 755 776 795 minutae,
805 753 956 794 majores
984 753 1144 784 crassitie
1161 752 1817 794 pennampasser-inamliaudaequnn-

278 821 344 859 tes,
360 817 514 848 minores
533 817 685 847 setaceae
701 813 807 845 ramis
831 811 1140 854 subcapillaribus,
1166 812 1376 852 plerumque
1405 810 1664 852 fl-ffz—pollices
1692 811 1817 853 longae,

279 877 313 907 at
351 874 525 906 intricata)
563 874 599 905 et
635 872 693 903 vix
732 871 795 903 nisi
837 870 1038 902 (lilaceratae
1079 869 1307 912 extricandae,
1347 869 1816 901 divaricato-ramosissimm

276 933 492 975 ramulisque
530 930 724 964 minoribus
760 930 794 961 in
829 937 944 960 ramos
978 930 1109 961 sensim
1138 927 1350 961 abeuntibus
1379 927 1517 959 obsitae.
1566 926 1662 959 Rami
1689 928 1817 968 paten-

276 992 416 1033 tissimi,
442 990 515 1023 fere
540 988 790 1030 horizontales,
823 988 955 1019 sensim
983 988 1151 1019 attenuati
1180 988 1215 1018 et
1243 987 1276 1018 in
1304 987 1456 1018 ramulos
1484 986 1600 1027 soluti,
1626 985 1703 1017 basi
1730 986 1817 1017 sim-

275 1049 487 1093 pliciusculi7
516 1049 616 1090 apice
644 1047 788 1080 densius
815 1047 956 1078 ramosi.
1006 1044 1101 1076 Rami
1130 1046 1332 1086 superiores
1359 1045 1554 1086 ramulique
1581 1044 1817 1085 cervicornes,

276 1108 429 1140 ramellis
455 1107 588 1140 ultimis
614 1115 631 1138 a
658 1105 734 1137 basi
761 1105 886 1137 latiore
915 1105 1125 1136 acuminatis
1152 1104 1265 1135 acutis
1294 1103 1507 1136 divaricatis.
1562 1102 1717 1135 Frondes
1745 1101 1817 1134 ser-

276 1167 354 1199 tiles
393 1168 491 1198 extra
530 1165 711 1205 caespitem
746 1164 953 1204 eminentes,
980 1161 1294 1204 G2—3-pollicares,
1321 1162 1506 1204 firmiores,
1534 1161 1731 1192 strictiores
1758 1168 1816 1191 ra-

276 1225 452 1266 mulisque
491 1223 694 1255 lateralibus
736 1221 960 1254 densioribus
999 1219 1136 1263 obsitzr,
1166 1221 1270 1252 ramis
1297 1220 1513 1261 ramulisque
1541 1221 1709 1251 ea’terum
1737 1227 1815 1252 cum

276 1282 456 1315 sterilibus
495 1280 747 1314 conformibus.
809 1279 942 1311 Ramuli
983 1278 1096 1318 divisi,
1132 1280 1191 1311 aut
1216 1278 1348 1319 szrpius
1377 1278 1510 1309 ramelli
1538 1277 1647 1309 ultimi
1676 1277 1815 1309 indivisi

276 1341 421 1384 fertiles,
447 1338 740 1381 ovato-subulati,
766 1346 871 1379 supra
899 1337 1020 1369 basem
1048 1345 1128 1369 mox
1156 1336 1279 1369 tumidi
1314 1335 1489 1377 sporiferi.
1546 1335 1701 1368 Frondes
1730 1343 1817 1376 cap-

275 1399 427 1432 suliferae
455 1399 639 1440 sporiferis
666 1397 811 1439 similes,
839 1396 1073 1438 cystocarpiis
1101 1395 1143 1427 ad
1171 1394 1325 1427 ramulos
1353 1403 1439 1434 vage
1467 1394 1664 1435 dispositis.
1715 1393 1817 1426 Color

273 1458 420 1501 pulc-bre
446 1459 751 1491 miniato—roseus.
802 1455 1006 1489 Substantia
1031 1455 1181 1497 tenuior,
1209 1453 1560 1486 submembranacea.

368 1517 544 1550 Chondria
581 1516 764 1548 bamulosa
802 1514 981 1556 Agardbii,
1021 1523 1099 1555 quae
1144 1513 1186 1545 ad
1225 1513 1407 1555 specimen
1435 1522 1453 1545 a
1480 1512 1669 1545 Mertensio
1697 1512 1817 1545 datum

276 1575 508 1608 determinata
546 1574 620 1616 suit,
655 1583 672 1605 a
699 1574 816 1615 planta
853 1572 996 1605 Turneri
1037 1580 1157 1604 revera
1196 1573 1251 1604 est
1284 1571 1534 1613 diversissima,
1568 1572 1605 1603 ut
1637 1579 1655 1603 e
1682 1570 1816 1602 fructus

275 1636 344 1666 situ
370 1633 472 1666 facile
497 1634 629 1675 pateat.
691 1632 776 1664 Cum
814 1631 878 1663 bac
904 1629 1079 1662 Chondria
1107 1629 1288 1661 hamulosa
1316 1629 1469 1661 identica
1499 1631 1554 1662 est
1580 1629 1710 1672 planta,
1737 1636 1816 1670 (μιει1

274 1693 309 1724 in
336 1691 606 1724 collectionibus
644 1691 784 1723 nomine
823 1689 906 1730 Spb.
944 1688 1081 1730 spinelli
1122 1689 1253 1729 saepius
1292 1687 1445 1720 obvenit.
1502 1687 1612 1720 Verus
1640 1688 1757 1720 autem
1783 1688 1818 1718 et

273 1752 463 1793 primarius
490 1750 574 1793 Spb.
600 1750 771 1792 spinellus
799 1746 949 1789 Agardbi
978 1748 1033 1779 est
1057 1746 1175 1788 planta
1204 1745 1246 1778 ab
1273 1746 1330 1779 illa
1358 1746 1448 1779 bene
1476 1746 1654 1779 distincta.

275 1911 310 1950 3.
342 1914 559 1949 PutvixA'rAE.
619 1907 802 1949 Fromles
843 1907 1012 1947 steriles
1048 1906 1306 1957 pulvinatim
1348 1915 1548 1955 mannasse
1585 1905 1815 1961 ‘intricam-

273 1978 592 2027 ramosz'ssimce,
635 1977 770 2016 ramis
812 1976 1019 2015 concretis
1052 1974 1336 2021 coluerenles;
1364 1973 1530 2024 fertiles
1563 1962 1687 2013 &stra
1710 1971 1815 2022 pul-

633 2045 758 2083 vimu-
790 2046 1059 2093 emerqenles,
1090 2043 1268 2082 invicem
1299 2040 1453 2081 liberte.

280 2158 338 2197 116.
372 2162 409 2197 ll.
440 2162 628 2197 CENOMYCE
675 2158 728 2203 [J.
774 2158 840 2205 Aa.
885 2160 1022 2203 mscr.)
1071 2157 1270 2194 frondibus
1315 2155 1506 2193 sterilibus
1553 2153 1814 2193 erectiusculis

385 2226 876 2275 intrieato-ramosissimis,
924 2226 1037 2262 ramis
1082 2224 1271 2263 concretis
1316 2223 1614 2271 eoliserentibus,
1661 2222 1815 2260 ramulis

387 2295 516 2332 liboris
559 2294 783 2343 paniculatis
829 2291 1354 2347 divaricato-ramosissimis,
1410 2289 1672 2328 terminalibus
1717 2289 1813 2327 sub-

386 2362 641 2412 corymbosis,
695 2362 861 2399 ramellis
906 2373 925 2398 a
971 2360 1046 2398 basi
1094 2360 1228 2398 latiore
1273 2359 1474 2396 attenuatis
1525 2357 1813 2407 obtusiusculis,

388 2429 586 2467 fertilibus.
619 2460 627 2468 .
661 2460 667 2467 .
701 2460 707 2467 .

388 2508 474 2545 [lab.
504 2508 548 2545 ad
582 2519 668 2545 oras
702 2510 809 2546 Novae
840 2506 1046 2544 llollandioe
1078 2505 1162 2555 (ΙΙΙ).
1196 2505 1408 2552 Grevillel).

369 2584 539 2626 Coespites
578 2585 802 2617 erectiusculi
841 2585 1015 2626 videntur,
1049 2583 1362 2626 sesquipollicares
1391 2582 1585 2624 altitudine,
1611 2581 1811 2614 Cladoniam

274 2642 523 2682 rangilerinam
551 2642 735 2675 crescendi
763 2642 865 2675 inodo
893 2641 1152 2684 quodammodo
1180 2641 1397 2683 aemuiantes‚
1426 2639 1608 2672 frondibus
1624 2638 1810 2679 fastigiatis

274 2701 447 2732 intricatis
474 2704 509 2733 et
535 2702 712 2734 concretis
740 2701 917 2733 contituti.
965 2699 1121 2732 Frondes
1147 2699 1362 2741 principales
1389 2698 1549 2730 crassitie
1575 2705 1700 2738 penum
1725 2705 1811 2737 pas-

274 2758 415 2800 serium,
443 2757 576 2790 inferne
604 2759 745 2791 ramulis
772 2759 974 2791 divaricatis
1002 2758 1139 2801 obsita‘,
1167 2765 1319 2798 superne
1345 2754 1623 2796 subcorymbosc
1651 2762 1809 2796 ramoszr,

275 2817 381 2847 ramis
419 2817 552 2848 sensim
592 2817 782 2850 attenuatis
819 2817 1086 2859 patentissimis.
1136 2815 1233 2847 Rami
1261 2812 1557 2855 subpaniculatim
1584 2812 1724 2853 ramosi,
1752 2819 1810 2843 ra-

274 2873 377 2904 mulis
418 2873 630 2916 divaricatis,
673 2876 773 2916 apice
812 2873 1094 2915 subcorymbosi,
1156 2872 1289 2904 Ramuli
1323 2879 1340 2903 a
1376 2870 1450 2902 basi
1484 2869 1606 2901 latiore
1639 2869 1808 2900 attenuati

276 2930 520 2975 obtusiusculi,
559 2934 777 2966 semilineam
817 2933 959 2966 circiter
1000 2931 1104 2974 longi,
1144 2931 1307 2964 crassitie
1340 2929 1480 2961 circiter
1506 2927 1605 2959 setae.
1654 2925 1809 2958 Frondes
