1895 3208
255 161 348 201 586
816 159 1202 206 Sraffiuococcomfflz.
1529 165 1784 211 Grace‘lare'a.

253 294 462 331 Gracilarioe
493 293 626 330 melius
658 293 972 332 circumscribere
1004 296 1155 333 molitus
1186 308 1282 348 sum,
1314 299 1587 340 Melantlialiam
1614 305 1649 340 et
1667 306 1783 341 Acro-

253 361 434 409 peltidem
475 363 513 396 ut
554 361 767 399 sectionem
806 363 1000 411 propriam
1033 363 1242 402 includens.
1303 366 1546 406 Endliclierus
1576 370 1733 408 nomine
1765 383 1782 407 a

253 428 387 466 Neesio
432 432 617 477 mutuato,
663 429 801 466 limites
846 431 979 478 partim
1019 442 1038 468 a
1077 443 1151 481 me,
1195 434 1329 482 partini
1367 447 1385 471 a
1431 437 1619 474 Grevilleo
1651 438 1785 475 ductos

251 494 449 544 adoptavit.
512 497 665 544 liiitzing
696 497 928 547 Gracilarias,
962 498 1240 538 Rbodomeuias
1273 502 1438 551 aliasque
1471 503 1627 542 nomine
1654 507 1785 555 Spluc-

251 562 401 600 rococci
434 564 641 610 conjunxit.

360 632 466 677 Quod
506 643 646 669 nomen
687 633 844 670 Generis
881 634 1024 685 attinet,
1068 635 1128 672 alii
1169 636 1268 673 aliud
1301 637 1539 686 adoptarunt.
1601 641 1786 690 ltupreclit

250 699 632 750 Geramiantliemum,
664 712 681 738 a
724 702 855 739 Donati
897 702 974 749 jam
1020 705 1272 754 propositum,
1303 705 1383 742 aliis
1421 710 1636 756 anteponet.
1709 712 1785 747 Nec

250 767 486 805 infitiandum
525 771 751 807 structuram
793 770 934 808 fructus
973 783 991 808 a
1031 772 1161 809 Donati
1203 784 1288 809 esse
1329 774 1466 811 eximie
1499 775 1716 813 illustratam
1749 780 1786 812 et

249 833 412 883 [dantum
456 835 614 885 typicam
656 838 753 875 illius
800 837 855 874 vix
898 838 1021 876 dubiis
1054 851 1136 877 esse
1168 845 1349 878 vexatam.
1408 844 1552 880 Nomen
1584 847 1707 880 autem
1739 844 1785 880 ab

251 902 314 939 illo
346 903 521 941 usitatum
560 905 726 954 speciem
766 906 998 955 peculiarem
1032 908 1156 956 potius
1188 920 1298 956 quam
1333 920 1464 959 genus,
1496 914 1535 947 ut.
1564 911 1784 949 nominibus

249 968 348 1006 illius
389 971 570 1019 temporis
614 982 695 1009 mos
739 972 818 1020 luit,
850 977 1004 1022 spectat.
1066 976 1222 1013 Nomina
1256 988 1439 1023 generum
1473 978 1527 1015 vix
1558 990 1576 1015 a
1611 982 1783 1027 tempore

250 1037 409 1085 petenda
440 1037 529 1075 milii
563 1038 749 1089 videntur,
780 1052 857 1088 quo
890 1041 1007 1089 ipsam
1041 1043 1238 1080 notionem
1258 1044 1408 1091 generis
1432 1045 1526 1082 liaud
1546 1050 1782 1094 perspectam

248 1103 317 1140 sibi
358 1105 571 1144 babuerunt
613 1107 791 1144 Botanici.
859 1112 1004 1147 Nomen
1045 1111 1234 1158 Plocariae,
1279 1112 1337 1148 cui
1378 1113 1643 1150 auctoritatem
1679 1114 1784 1150 dedit

249 1172 458 1223 lindliclier,
490 1175 545 1211 vix
584 1176 728 1212 caeteris
765 1178 1075 1225 anteponendum
1107 1179 1195 1216 inihi
1231 1180 1389 1229 videtur,
1421 1192 1505 1218 cum
1537 1192 1609 1218 nec
1641 1182 1784 1219 clarum

247 1240 294 1277 sit
326 1246 447 1279 utrum
481 1246 622 1280 certam
653 1243 821 1293 speciem
853 1257 898 1282 an
931 1249 1066 1283 statium
1098 1247 1300 1284 multarum
1318 1248 1532 1296 specierum
1552 1249 1782 1298 peculiarem

248 1310 316 1347 sub
346 1322 410 1347 sua
443 1311 608 1348 l'locaria
642 1311 800 1349 candida
832 1311 1079 1361 descripserit
1111 1317 1256 1364 auctor,
1289 1326 1359 1351 nec
1390 1314 1487 1352 ullos
1514 1315 1673 1352 omnino
1691 1317 1783 1353 clia-

249 1382 413 1415 racteres
445 1379 596 1426 generis
628 1378 801 1417 hodierni
835 1379 1060 1431 exhibuerit,
1092 1392 1163 1418 nec
1194 1381 1393 1419 affinitates
1424 1383 1783 1433 suigeneris,quod

247 1446 540 1486 Liclienoideum
573 1446 745 1497 credidit,
777 1448 1023 1497 perspexerit.
1087 1451 1231 1487 Nomen
1263 1450 1390 1498 itaque
1422 1461 1440 1486 a
1472 1450 1608 1489 Neesio
1642 1450 1784 1499 datum,

248 1518 284 1551 et
313 1518 495 1564 praeterea
542 1516 645 1554 nilut.
697 1519 834 1554 Contra
874 1517 1119 1566 adoptionem
1163 1518 1329 1555 nominis
1361 1518 1550 1568 Grevillei,
1577 1517 1733 1565 jamjam
1763 1530 1783 1555 a

246 1584 372 1621 multis
406 1585 584 1635 usurpati,
616 1596 689 1622 nec
718 1596 761 1622 ex
795 1585 939 1633 legibus
971 1585 1177 1634 prioritatis
1208 1598 1279 1623 nec
1309 1598 1352 1623 ex
1378 1585 1607 1633 etymologia
1628 1585 1783 1622 —dum

250 1651 524 1703 Marginariam,
555 1654 713 1691 Mariam
747 1657 818 1691 etc.
851 1665 1123 1691 conservemus
1152 1675 1205 1681 -—
1238 1654 1476 1701 objectiones
1509 1653 1685 1701 legitimae
1701 1653 1781 1691 exi-

247 1723 346 1757 stere
378 1721 467 1757 milii
501 1721 686 1760 videntur.

356 1791 472 1834 Quale
503 1790 618 1827 bodie
648 1802 766 1838 genus
800 1791 1057 1843 intelligimus,
1089 1795 1248 1841 tlypneae
1280 1795 1316 1829 et
1348 1790 1614 1830 ltliodomeniae
1645 1791 1783 1828 analo-

247 1868 334 1904 gum
378 1858 503 1906 potius
547 1870 659 1906 quam
691 1860 803 1896 altine
835 1863 1019 1908 putamus.
1079 1864 1269 1898 Structura
1302 1860 1426 1897 nuclei
1458 1857 1783 1907 cystocarpiorum

248 1926 323 1962 llaec
355 1936 494 1972 genera
527 1926 574 1963 ita
606 1926 796 1975 differunt,
829 1930 867 1964 ut
897 1927 1054 1966 diversis
1086 1929 1283 1966 ordinibus
1314 1928 1625 1966 adnumerentur.
1657 1928 1782 1963 Genus

247 1993 457 2030 Gracilariae
490 1997 670 2042 prseterca
703 2007 721 2032 a
755 1999 902 2044 tlypuen
934 1997 1209 2045 spliaerosporis
1251 1996 1440 2046 cruciatis,
1470 2007 1488 2032 a
1521 1993 1781 2032 uhodomenia

248 2060 384 2098 fronde
426 2061 561 2110 saepius
593 2063 849 2113 teretiuscula,
881 2063 1061 2101 coccidiis
1092 2065 1289 2113 apiculatis
1322 2067 1358 2100 et
1389 2063 1580 2112 praecipue
1611 2061 1781 2110 sphaero-

246 2128 369 2176 sporis
403 2128 438 2166 in
470 2132 586 2167 strato
619 2131 798 2168 exteriori
830 2130 1037 2180 saepissime
1070 2130 1316 2179 peculiariter
1341 2131 1494 2168 evoluto
1512 2129 1783 2178 nidulantibus,

247 2196 283 2232 in
315 2207 444 2234 sorum
489 2198 584 2235 liaud
627 2199 868 2248 consociatis,
907 2199 1229 2246 distinguendum.
1291 2198 1564 2236 illelantlialialn
1597 2201 1634 2234 et
1662 2201 1781 2234 Acro-

248 2263 427 2312 peltidem
474 2269 625 2314 postera
672 2266 752 2303 dics
796 2267 932 2304 melius
977 2267 1058 2304 sine
1103 2266 1220 2304 dubio
1251 2266 1470 2317 distinguet,
1502 2265 1624 2302 fructu
1659 2265 1696 2302 in
1727 2264 1781 2301 liis

247 2332 451 2379 generibus
484 2333 639 2370 ulterius
669 2334 836 2382 cognito.

356 2400 509 2448 Species
541 2401 711 2450 plurimae
743 2403 778 2439 in
811 2414 857 2439 eo
889 2402 1134 2452 conveniunt,
1166 2406 1204 2439 ut
1236 2414 1303 2451 pro
1334 2405 1440 2440 aetate
1473 2403 1605 2451 plantae
1622 2402 1782 2438 autsor-

246 2481 311 2506 san
344 2472 519 2518 tempore
551 2470 637 2507 anni
670 2471 861 2508 diversum
894 2471 1051 2508 induant
1081 2471 1312 2519 adspectum.
1343 2473 1449 2509 Nunc
1480 2469 1583 2507 enim
1614 2480 1780 2506 carnosae

247 2540 281 2572 et
315 2536 614 2575 membranaceas
655 2550 855 2588 purpureae
898 2539 1043 2576 cellulis
1077 2538 1264 2587 inanibus,
1295 2549 1397 2575 nuuc
1427 2549 1595 2575 carnosaeb
1626 2540 1663 2574 et
1693 2547 1779 2572 car-

249 2604 432 2652 tilaginem
471 2617 617 2643 carneae
656 2610 718 2643 aut
755 2607 997 2656 decoloratae,
1037 2606 1182 2643 cellulis
1213 2606 1417 2643 substantia
1450 2605 1649 2653 granulosa
1679 2614 1778 2640 con-

247 2672 393 2717 globata
427 2673 562 2710 sarctis.
623 2674 783 2712 Granula
818 2675 964 2712 cellulis
997 2675 1115 2724 ruptis
1146 2674 1323 2712 facillime
1349 2670 1779 2721 elabentia,rotundatu,

244 2740 351 2785 jodio
391 2742 684 2779 ezei-alescentia.
757 2745 874 2780 Frons
913 2742 1078 2789 granulis
1116 2743 1258 2791 repleta
1290 2741 1454 2778 habitum
1486 2736 1778 2777 Liclicnoideum

250 2813 461 2859 recuperat,
508 2813 545 2846 ct
588 2809 735 2858 species
782 2810 953 2857 diversae,
998 2821 1079 2858 quic
1111 2812 1148 2846 in
1191 2809 1262 2846 hoc
1292 2812 1385 2845 statu
1417 2811 1515 2856 sunt,
1549 2805 1628 2842 sero
1659 2805 1777 2852 ¹1¹³ssss

250 2874 371 2911 babitu
405 2876 639 2913 comeniunt
668 2888 779 2925 quam
813 2880 929 2914 status
959 2877 1097 2914 diversi
1130 2876 1306 2923 ejusdem
1336 2873 1492 2923 speciei·
1524 2871 1776 2910 ΗῙΠΟΗΟΠῚΘΠ

251 2942 334 2977 Ιῑιιςί
382 2942 626 2980 Liclienoides
671 2945 775 2982 valde
821 2944 1039 2992 ambiguum
1085 2947 1122 2980 et
1165 2956 1183 2980 a
1230 2938 1651 3014 diversbauctotibus
1695 2941 1776 2978 aliis
