1895 3208
502 168 742 213 CouALmEAE
765 171 942 227 (aucron.
964 171 1210 228 maisel-L).
1532 179 1626 220 507

92 301 323 349 constructo,
362 300 534 339 formata.
603 303 812 341 lx'erainidia
845 316 941 354 poro
989 309 1151 356 pertusa,
1198 307 1357 345 omnino
1396 308 1573 348 immersa
1606 312 1628 348 l.

89 374 205 408 strato
247 369 425 407 exteriori
472 371 816 409 verrucoelormiter
860 374 1007 411 elevato
1055 377 1161 412 extus
1207 377 1527 426 verrucaesonnia,
1558 387 1628 426 per

90 438 265 476 trondem
297 448 437 486 sparsa,
470 438 491 473 l.
523 439 858 477 transsornnitione
905 441 1051 478 articuli
1101 445 1229 480 exorta
1268 444 1427 481 omniuo
1459 448 1627 492 externa,

88 505 298 556 perisporia
340 504 502 551 oblonga
537 505 557 541 l.
589 506 742 555 clavata,
773 518 794 543 o
827 507 944 545 fundo
984 508 1168 557 subplano
1200 511 1220 546 l.
1253 511 1398 559 pariete
1429 511 1626 548 keramidii

88 575 227 621 erecta,
257 582 389 619 sporas
420 575 599 619 quattuor
627 574 790 610 zonatim
822 575 1048 612 secedentes
1081 576 1324 615 includentia.

197 644 340 685 Organa
375 639 671 689 propagationis,
702 652 784 688 quae
818 641 854 678 in
886 643 1109 691 pei-isporiis
1136 644 1433 682 kennnidiorum
1459 646 1624 683 zonatim

85 706 282 755 secedunt,
313 719 331 743 a
365 706 556 755 plerisque
587 708 807 745 auctoribus
839 709 1110 757 spluerosporae
1142 711 1276 761 habita,
1316 723 1401 749 cum
1433 713 1556 761 sporis
1588 713 1624 750 in

84 774 303 811 keramidiis
344 773 686 823 ltonnemaisonize,
724 776 937 813 Laureneiae
976 776 1217 825 aliorumque
1250 789 1434 825 generum
1466 781 1624 826 analoga

83 840 278 890 babemus,
324 840 423 877 unde
471 842 584 878 etiam
630 853 828 890 sperarum
875 854 1017 880 nomen
1057 844 1112 880 eis
1145 844 1313 881 retinere
1345 846 1529 893 cogimur.
1588 847 1624 883 Si

81 917 220 956 nempe
252 908 531 955 quaternariam
564 907 662 944 illam
695 907 924 945 divisionem
944 909 1032 946 tanti
1053 910 1223 960 l'aeiinus,
1242 911 1431 948 nesciinus
1449 922 1538 948 sane
1557 923 1625 949 cur

79 985 212 1022 sporas
244 974 428 1011 variarum
464 975 703 1011 sucacearum
737 976 814 1020 (ex.
848 987 900 1022 gr,
933 977 1395 1026 Sarcopbyei,Durvillaeae
1415 980 1622 1027 010.),quae

80 1041 115 1078 in
150 1040 373 1089 perisporiis
418 1044 598 1089 quattuor
643 1042 820 1091 existunt,
868 1050 936 1091 pro
982 1044 1257 1092 spluerosporis
1297 1056 1375 1082 non
1408 1044 1622 1082 babeamus.

78 1110 328 1156 Uti-aramque
362 1107 597 1145 identitatem
630 1109 658 1146 si
679 1109 761 1157 quis
792 1110 1125 1162 demonstraverit,
1156 1123 1288 1161 speras
1319 1112 1622 1151 Corallinearum

76 1175 357 1225 spbaerosporas
389 1175 552 1213 libenter
582 1175 819 1215 babebimus.

189 1246 239 1281 De
273 1242 562 1280 fructificatione
593 1243 894 1282 Corallinearum
927 1245 1069 1294 duplici
1104 1247 1328 1295 nuperrime
1360 1247 1540 1285 disseruit
1569 1249 1621 1285 Cl.

76 1310 254 1348 'l'revisan
288 1309 485 1355 [Bulletz'n
518 1310 565 1347 de
598 1310 636 1347 Ia
668 1312 811 1349 Soce‘et.
844 1312 914 1349 des
952 1313 1207 1350 naturalises
1235 1314 1286 1351 *de
1316 1314 1481 1352 Moscou
1518 1314 1618 1352 4850

76 1377 150 1418 Ν.·ο
182 1378 240 1426 ⁶2),
271 1375 433 1415 fructum
466 1378 610 1415 scilicet
640 1383 840 1416 externum
872 1381 1068 1418 Corallinae
1101 1381 1310 1428 (etlanize)
1343 1394 1426 1419 esse
1453 1381 1620 1419 kerami-

74 1446 134 1483 dia
165 1458 298 1494 sporus
329 1445 577 1496 continentur,
608 1449 646 1484 et
676 1448 1010 1485 verrucaesormem
1035 1449 1244 1497 Ampbiroae
1261 1449 1533 1497 spbaerosporis
1552 1460 1618 1486 re-

76 1514 213 1550 fertum
232 1524 328 1561 esse,
359 1513 524 1561 indeque
544 1513 640 1562 ipsas
659 1514 876 1562 ,xiiipbiroas
895 1516 1068 1564 proprias
1086 1517 1233 1564 species
1252 1516 1408 1553 minime
1427 1516 1619 1554 habendas

73 1579 141 1617 sed
168 1591 251 1617 esse
278 1580 475 1618 Corallinae
497 1581 713 1629 specierum
741 1581 932 1618 individua
962 1582 1024 1619 tali
1042 1583 1157 1619 modo
1175 1584 1456 1631 spbaerosporas
1474 1595 1617 1630 geren-

74 1647 136 1697 tia,
154 1648 276 1696 palam
294 1648 546 1687 contendens,
589 1648 778 1686 Miraculis
796 1649 989 1686 abundare
1008 1652 1193 1699 naturam,
1211 1650 1371 1687 credere
1389 1650 1544 1698 quidem
1565 1651 1618 1688 sas

74 1719 142 1765 est,
166 1715 231 1753 sed
261 1715 346 1752 bule
364 1715 538 1764 opinioni
557 1715 673 1753 multa
692 1727 812 1763 eaque
831 1716 1049 1763 gravissima
1067 1720 1290 1764 argumenta
1311 1716 1424 1763 objici
1445 1721 1616 1765 possunt.

78 1782 177 1820 'lzmo
210 1782 311 1819 euim
344 1793 430 1820 cum
464 1783 606 1820 tructus
637 1783 836 1820 Corallinae
868 1787 946 1821 tum
979 1784 1040 1821 illo
1071 1785 1280 1832 Ampbiroae
1312 1784 1482 1821 continet
1506 1785 1615 1832 peri-

73 1851 200 1900 sporia
242 1851 365 1900 sporis
403 1855 584 1899 quattuor
621 1851 786 1888 zonatim
829 1851 1100 1889 secedentibus
1133 1852 1284 1901 referta,
1316 1851 1483 1899 indeque
1515 1852 1615 1889 utri-

73 1929 193 1967 usque
224 1918 367 1955 sructus
399 1918 435 1955 in
471 1918 588 1955 nihilo
629 1918 700 1960 nisi
733 1916 954 1955 evolutione
994 1915 1193 1966 formaque
1233 1918 1412 1955 exteriori
1445 1918 1544 1955 inter
1573 1930 1614 1955 se

72 1986 264 2036 differunt,
303 1997 346 2023 ex
385 1997 462 2034 quo
501 1985 609 2034 sequi
652 1985 800 2023 videtur
832 1989 882 2034 ut,
914 1996 1000 2022 eum
1033 1985 1070 2022 in
1103 1989 1267 2033 utroque
1300 1996 1441 2033 genere
1474 1996 1614 2033 organa

71 2053 357 2101 propagationis
394 2055 507 2102 plane
546 2053 681 2091 eadem
724 2054 811 2103 sint,
844 2055 952 2098 (sunt
982 2064 1122 2101 nempe
1153 2056 1334 2101 quattuor
1363 2064 1498 2102 sporae,
1530 2054 1550 2090 l.
1583 2053 1614 2089 si

71 2120 189 2157 mavis
219 2120 506 2170 spbaerosporae,
538 2120 574 2157 in
607 2120 825 2170 perisporio
867 2120 1033 2157 zonatim
1066 2119 1327 2170 secedentes),
1357 2119 1394 2156 in
1426 2118 1613 2156 Corallina

71 2187 166 2225 alius
207 2199 321 2236 quam
361 2187 397 2224 in
435 2188 636 2236 'Ampbiroa
674 2191 817 2225 naturae
856 2191 968 2236 atque
1000 2187 1192 2235 dignitatis
1223 2199 1306 2224 esse
1339 2198 1416 2224 non
1449 2186 1612 2235 possint3

74 2253 164 2298 deo
205 2255 310 2292 frons
352 2258 411 2292 est
448 2255 485 2291 in
527 2254 715 2292 Corallina
755 2255 924 2304 pinnata,
956 2254 994 2291 in
1025 2253 1236 2303 Ampliiroa
1269 2265 1358 2291 vero
1389 2273 1442 2279 ——
1474 2256 1514 2289 ut
1544 2263 1612 2289 nos

72 2325 277 2370 utrumque
324 2321 692 2370 circumscripsimus
736 2343 791 2348 —
834 2322 1066 2371 dicbotoma,
1107 2333 1178 2359 nec
1216 2321 1327 2358 talem
1359 2319 1612 2357 differentiam

70 2389 325 2438 productione
370 2389 525 2426 alterius
568 2389 871 2426 fructificationis
917 2389 1309 2437 (spbserosporarum)
1355 2387 1510 2435 exoriri,
1542 2397 1611 2422 nos

72 2455 146 2492 ulla
184 2455 324 2492 docent
362 2455 461 2492 inter
498 2456 603 2504 Algas
644 2457 827 2503 exempla.
865 2477 921 2482 -—
961 2456 996 2491 Si
1040 2455 1075 2491 in
1118 2455 1305 2492 Corallina
1348 2454 1540 2502 officinam,
1572 2456 1612 2489 ut

72 2533 156 2559 cum
190 2525 331 2569 llarvev
363 2526 440 2559 tum
473 2533 542 2559 nos
575 2523 643 2571 ipsi
676 2522 972 2571 observavimus,
1005 2522 1213 2558 keramidia
1232 2533 1307 2558 non
1326 2531 1411 2557 raro
1431 2520 1609 2569 perarti-

71 2590 177 2627 culos
208 2601 335 2638 sparsa
367 2592 480 2637 atque
511 2589 653 2626 sessitia
686 2590 706 2626 l.
737 2588 988 2626 subiminersa
1023 2588 1285 2637 observantur,
1318 2600 1377 2625 res
1408 2592 1464 2624 est
1496 2589 1609 2634 longe

70 2656 155 2707 alia,
201 2668 245 2693 ex
291 2668 364 2704 qua
410 2656 461 2693 nil
507 2656 607 2693 aliud
652 2656 724 2693 nisi
757 2655 1054 2703 anamorpbosin
1086 2654 1278 2702 quandum
1312 2654 1609 2692 fructificationis

72 2724 254 2761 normalis
285 2722 459 2772 augurari
507 2724 605 2762 licet.
665 2723 742 2761 'l'ali
774 2722 1041 2771 anamorpbosi
1073 2733 1178 2759 suam
1213 2721 1398 2758 theoriam
1429 2720 1608 2758 fundasse

71 2790 220 2828 videtur
249 2791 440 2829 'trevis-an.

182 2858 417 2908 Corallineae,
458 2869 616 2907 quarum
665 2858 841 2896 ordinem
880 2860 920 2894 ut
957 2858 989 2895 b.
1030 2858 1050 2894 l.
1091 2856 1418 2905 circumscriptum
1461 2855 1608 2903 primus

72 2923 243 2962 limitavit
272 2927 468 2977 Decaisne,
500 2925 545 2963 ab
577 2925 716 2976 lillisio,
748 2926 911 2979 ltinnaeo,
942 2925 1114 2975 l'allasio,
1144 2924 1329 2963 Solandro
1368 2927 1404 2960 et
1434 2922 1608 2960 Lamarck

1415 2987 1476 3020 33*
