1895 3208
62 144 289 190 Coralle'na.
470 145 708 187 Comitium
728 145 902 201 (Auerna.
924 141 1171 197 ARESGH.)
1491 143 1581 183 561

171 279 383 318 ecorticatis
421 278 652 316 brevissimis
689 277 944 326 subadpressi.
1012 276 1242 315 Iseramidia
1273 274 1586 313 transn‘iutatione

171 355 317 393 articuli
359 354 558 403 pinnarum
597 357 738 403 exorta,
779 353 877 391 nuda
911 354 932 390 l.
966 351 1178 403 cornigera,
1219 355 1325 390 ovata
1356 352 1376 389 Ι.
1408 350 1587 399 elliptica,

170 429 275 478 apice
306 439 402 478 poro
435 433 600 478 pertusa3
634 428 842 477 Pei-isporia
875 439 896 464 e
927 428 1045 464 fundo
1078 426 1275 465 keramidii
1303 428 1588 475 erecta,sporas

170 506 347 551 quattuor
376 503 537 540 zonatim
571 503 795 541 secedentes
826 501 1068 540 includentia.

168 621 286 655 Frons
316 616 456 654 coloris
487 616 710 654 normaliter
742 616 842 653 rubri
876 617 895 655 l.
929 615 1122 666 purpurei,
1154 614 1189 651 iu
1222 613 1346 650 album
1372 624 1462 650 vero
1481 613 1588 650 citis-

58 692 153 730 sime
185 691 418 742 expallentis,
455 692 549 728 callo
583 689 733 729 radicati
766 690 912 741 adnata,
943 691 1025 738 plus
1057 689 1180 726 minus
1212 687 1420 737 caespitosa,
1451 688 1588 725 lilil'or-

57 768 142 817 1nis,
175 770 273 803 teres
306 767 326 803 l.
358 776 589 814 compressa,
608 765 1257 812 normaliterdicliotomo-ranlosa,
1276 761 1387 799 ramis
1413 761 1590 810 puniatis,

59 852 130 889 qua
163 843 249 878 nota
281 852 297 877 a
332 839 460 888 priore
501 850 642 886 genere
684 840 872 888 praecipue
911 838 1048 887 differt,
1080 849 1178 886 saepe
1209 846 1436 885 quamquam
1471 836 1588 872 rami-

61 914 182 951 ficatio
213 914 294 963 plus
327 913 451 950 minus
482 912 709 960 irregularis.
775 915 936 949 Stratum
968 911 1144 948 corticale
1177 910 1418 949 constituitur
1448 909 1590 946 cellulis

59 998 170 1035 quam
215 988 251 1024 in
292 986 406 1023 laniis
446 987 562 1034 magis
604 986 812 1035 spbaericis;
858 990 1013 1023 stratum
1058 986 1247 1022 internum
1290 984 1491 1021 formatum
1536 986 1591 1020 est

60 1061 205 1098 cellulis
236 1061 418 1108 elongatis
449 1061 658 1110 subvacuis,
691 1060 726 1097 in
761 1061 818 1098 lila
849 1059 1137 1108 longitudinalia
1169 1058 1403 1108 coadunatis,
1422 1058 1589 1095 cellulis-

59 1147 133 1184 que
165 1135 371 1174 ovalibusl.
391 1135 810 1185 ellipticisff—iuarum
842 1134 1140 1184 metamorphosi
1174 1133 1314 1172 exortis
1346 1154 1395 1159 -—
1427 1132 1590 1179 granulis

60 1210 185 1248 larctis
227 1213 264 1247 et
305 1211 342 1248 in
382 1222 496 1248 zonas
536 1210 803 1247 transversales
835 1209 1038 1258 ordinatis;
1070 1208 1255 1257 genicula,
1287 1207 1356 1245 filis
1389 1206 1590 1244 laxioribus

59 1285 282 1334 composita,
328 1288 456 1321 carent
500 1284 555 1321 liis
600 1285 704 1322 zonis
750 1295 821 1321 nec
867 1295 943 1320 non
984 1287 1099 1322 strato
1131 1283 1313 1332 conticuli,
1344 1292 1468 1329 eoque
1499 1282 1592 1318 liunt

59 1360 176 1408 magis
214 1359 413 1409 pellucida.
480 1359 630 1397 Articuli
662 1369 762 1396 nunc
793 1358 951 1396 omnino
984 1361 1123 1395 teretes
1155 1360 1191 1394 et
1220 1356 1459 1405 cylindracei,
1491 1366 1590 1392 nunc

61 1435 142 1482 plus
180 1432 304 1471 minus
348 1435 568 1484 compressi,
599 1434 716 1472 immo
748 1444 1022 1482 nonnunquam
1052 1431 1291 1480 complanati‚
1325 1430 1442 1468 forma
1475 1433 1588 1477 alque

60 1510 174 1557 ligura
205 1510 403 1558 variantes,
435 1511 592 1558 propter
622 1509 794 1556 genicula
840 1511 945 1545 extus
988 1506 1204 1544 brevissima
1250 1506 1474 1554 plerumque
1517 1503 1587 1540 ad-

59 1583 178 1632 pressi
211 1582 479 1631 rarissimoque
512 1583 661 1633 remoti,
691 1583 814 1632 quoad
841 1581 1117 1630 longitudinem
1147 1590 1249 1617 nunc
1277 1579 1463 1617 diametro
1496 1577 1588 1616 bre-

61 1657 184 1695 viores
216 1668 316 1695 nunc
346 1657 483 1694 eodem
514 1657 604 1706 Qplo
635 1658 657 1695 l.
690 1656 777 1706 3plo
810 1657 1013 1705 longiores.
1055 1654 1262 1693 Keramidia
1294 1653 1589 1703 oblonga,obo-

62 1735 139 1768 vata
172 1733 192 1770 l.
224 1731 553 1782 suburnaesormia,
590 1742 691 1770 nunc
720 1730 1017 1780 metamorpliosi
1050 1728 1196 1768 articuli
1228 1728 1394 1777 supremi
1426 1727 1590 1777 pinnulse

60 1805 240 1855 simplicis
284 1810 426 1857 exorta,
472 1806 636 1855 indeque
683 1806 918 1855 ecornigera,
962 1815 1063 1842 nunc
1102 1803 1414 1840 transmutatione
1445 1801 1590 1838 articuli

60 1880 252 1918 inferioris
283 1880 446 1930 pinnulae
484 1882 566 1930 plus
598 1880 722 1918 minus
755 1880 975 1929 compositae
1007 1880 1179 1928 formata,
1211 1876 1376 1925 indeque
1409 1875 1590 1913 cornicu-

61 1956 145 2006 lata,
190 1967 285 2005 poro
333 1956 439 2005 apice
485 1959 636 2003 pertusa
682 1954 952 2005 cornibusque,
983 1964 1068 1991 cum
1100 1952 1248 2001 adsunt,
1280 1950 1448 2000 pluribus
1479 1960 1590 1998 qttam

60 2029 209 2068 duobus
253 2029 487 2080 simplicibus
528 2030 752 2067 normaliter
789 2033 939 2080 ornata,
979 2030 1014 2066 iu
1047 2024 1240 2066 nonnullis
1272 2035 1362 2063 vero
1393 2023 1591 2074 speciebus

62 2105 267 2143 loeramidia
313 2114 515 2142 numerosa
560 2115 630 2152 pei:
669 2105 847 2142 articulos
885 2117 1025 2155 sparsa,
1056 2102 1370 2150 semi-immersa,
1401 2108 1591 2136 verruca}-

62 2180 209 2231 sormia,
247 2191 344 2229 poro
382 2179 464 2228 plus
502 2179 628 2216 miuus
658 2179 859 2230 producto,
891 2180 1131 2226 fructumque
1162 2176 1371 2225 Amphiroae
1402 2172 1592 2222 quodam-

60 2254 178 2292 modo
211 2255 415 2292 referentia
447 2256 533 2301 (cl'r.
565 2253 634 2292 sub
660 2254 845 2291 Corallina
877 2253 1086 2300 officinali).
1119 2250 1331 2300 l‘erisporia
1365 2248 1540 2298 oblonga,
1572 2257 1591 2283 e

63 2328 180 2365 fundo
226 2329 423 2366 keramidii
469 2332 606 2380 erecta,
652 2339 783 2377 speras
827 2331 1005 2376 quattuor
1048 2325 1214 2365 zon-atim
1258 2323 1481 2362 secedentes
1528 2321 1592 2358 in-

63 2401 265 2440 cludeutia.

174 2480 298 2514 Genus
345 2478 538 2515 Corallinae
585 2480 623 2513 ut
669 2477 739 2513 boc
784 2477 867 2513 loco
914 2475 1073 2512 limitare
1119 2485 1246 2511 sumus
1287 2470 1409 2509 conati
1442 2482 1459 2507 a
1490 2468 1592 2507 lania

63 2551 226 2601 abunde,
265 2554 303 2588 ut
340 2551 449 2590 nobis
489 2551 648 2601 videtur,
679 2550 802 2587 differt
834 2548 944 2586 ramis
977 2547 1138 2596 pinnatis
1168 2551 1203 2585 et
1235 2545 1423 2596 principue
1458 2543 1591 2581 l'ructi-

64 2627 249 2664 ficationis
296 2624 524 2664 formatione
570 2635 681 2673 quam
720 2623 757 2661 in
796 2623 868 2660 lioc
913 2634 1054 2671 genere
1094 2632 1249 2671 prorsus
1280 2619 1361 2657 alia.
1421 2620 1459 2655 lu
1489 2617 1591 2655 lania

65 2701 181 2751 enim,
221 2703 260 2737 ut
296 2711 406 2748 supra
449 2699 684 2748 propositum
717 2701 784 2747 est,
815 2696 984 2734 exoritur
1015 2694 1262 2734 keramidium
1294 2691 1591 2741 lnetamorpliosi

65 2774 211 2812 articuli
255 2773 494 2812 dicliotomice
540 2773 670 2810 intimi.
743 2775 782 2810 ln
827 2775 989 2819 utroque
1034 2781 1173 2819 genere
1217 2770 1330 2817 igitur
1361 2778 1437 2805 non
1468 2766 1592 2803 solum

66 2850 171 2887 adest
199 2849 346 2887 diversa
378 2847 596 2885 ramilicatio
628 2845 693 2885 sed
726 2845 838 2883 etiam
870 2844 915 2882 ab
947 2843 1007 2882 illa
1037 2844 1262 2893 dependens
1292 2842 1437 2879 diversa
1458 2839 1592 2878 fructi-

67 2924 251 2962 ficationis
297 2923 484 2973 evoluti03
529 2921 675 2960 videtur
720 2922 796 2960 brec
840 2923 929 2960 nota
973 2930 1085 2968 <piam
1124 2917 1321 2969 praesentia
1353 2926 1538 2955 cornuum
1570 2915 1591 2952 Ι.

239 2986 279 3023 11.
1423 2982 1461 3014 37
