1895 3208
100 156 339 204 Melobesia.
519 160 759 203 Certumne
780 159 955 215 (Aucron.
977 155 1224 211 ARESCHJ.
1544 159 1635 199 517

106 295 166 334 42.
197 297 241 333 M.
272 302 472 332 DECUSSATA
507 292 600 338 (En.
643 297 681 329 et
720 291 798 329 Sol.
836 303 872 339 p.
922 290 990 329 431
1028 295 1053 327 t.
1087 289 1137 327 23
1168 289 1197 339 f.
1229 290 1272 337 9)
1305 290 1440 328 fronde
1471 290 1639 338 denique

211 363 331 400 soluta
379 362 478 398 intus
523 361 681 398 subcava
728 360 891 408 elliptica
926 359 1086 396 rotunda
1132 360 1151 396 l.
1199 357 1495 407 liernispluerIca,
1534 362 1641 395 extus

212 429 309 466 lobis
356 428 566 466 rotundatis
611 427 805 476 subplanis
851 426 1089 464 verticalibus
1134 429 1171 463 et
1209 427 1309 463 inter
1339 437 1379 463 se
1410 426 1639 464 ‹locus-saliti}

212 496 402 534 concretis
432 496 605 543 margine
637 494 966 541 subintegerrirnis
992 493 1174 544 loculoso,
1207 492 1424 530 keramidiis
1455 493 1511 531 vix
1546 504 1641 541 pro-

212 563 457 600 minentibus.

195 640 373 681 Millepora
402 640 562 671 coriacea
589 635 691 670 Limz.
717 636 809 679 Syst.
835 635 916 669 Ναί.
943 636 993 670 ecl.
1023 638 1064 668 ¹¹2
1090 637 1158 670 vol.
1190 639 1202 668 l
1229 647 1263 680 p.
1294 637 1394 669 4283.

195 698 374 742 Millrpora
413 697 602 730 decussata
642 694 704 728 Ell.
743 697 776 728 et
813 694 884 728 Sol.
925 694 947 727 l.
985 704 1015 728 c.
1053 713 1096 719 -—
1134 693 1303 728 Lamour.
1332 694 1464 737 Kepos,
1493 693 1643 727 malbod.

96 766 132 799 p.
161 756 214 788 Ιιῖ.

196 814 451 856 Litliopliyllum
479 813 705 846 decussatum
734 810 880 854 Philippa·
906 812 940 844 in
976 809 1112 854 ll'ieqm.
1141 810 1242 844 Arclr.
1274 812 1356 844 1837
1381 821 1414 854 p.
1443 813 1520 844 389.

196 872 386 905 MeIobesia
415 871 602 903 decussata
629 869 728 902 Endl.
755 867 929 911 supplem.
958 869 976 901 3
998 878 1032 911 p.
1060 867 1115 900 49.

214 943 301 980 Hah.
334 941 371 978 in
404 941 495 978 mari
529 940 706 978 atlantico
737 939 781 976 ad
815 939 939 976 littora
974 939 1167 975 Lusitaniae
1199 950 1273 976 sec.
1308 940 1372 976 till.
1406 943 1443 976 et
1474 941 1547 978 Sol.
1575 942 1643 980 lc,

105 1014 141 1047 et
174 1010 208 1046 in
241 1009 335 1045 mari
367 1008 654 1045 mediterraneo
687 1006 731 1043 ad
766 1017 850 1043 oras
881 1005 1015 1043 Siciliae
1047 1017 1122 1045 sec.
1162 1006 1318 1054 Philippi
1352 1006 1373 1044 1,
1407 1017 1437 1044 c,
1470 1007 1529 1055 (ln
1561 1009 1644 1044 col-

106 1076 271 1114 lectione
302 1078 387 1122 Reg.
422 1078 508 1111 Soc.
539 1073 734 1112 Scientiar.
764 1072 990 1122 Upsaliens.)

197 1151 415 1186 Prfecedenti
454 1152 550 1184 arcte
589 1149 702 1182 artinis
740 1151 775 1181 et
812 1147 929 1182 forsan
968 1148 1043 1190 ejus
1082 1149 1245 1181 varietas.
1308 1148 1427 1193 Frons,
1454 1154 1550 1185 utin
1579 1154 1646 1197 illa,

106 1212 260 1253 elliptica
284 1211 306 1242 1.
333 1209 589 1251 subspliaerica,
616 1209 649 1240 in
677 1209 769 1240 statu
797 1209 931 1240 recenti
964 1207 1092 1239 coloris
1122 1210 1218 1240 certe
1245 1207 1351 1250 rubri,
1380 1208 1442 1240 sed
1469 1211 1503 1242 in
1533 1213 1648 1243 omni-

105 1270 172 1302 hus
199 1279 217 1302 a
244 1269 346 1302 nobis
383 1270 466 1302 visis
504 1266 759 1309 speciminibus
796 1266 877 1309 albi,
919 1266 1090 1298 diametro
1117 1266 1423 1310 2—-3—pollicaris,
1450 1268 1543 1301 intus
1569 1270 1649 1310 plns·

107 1330 222 1360 minus
261 1336 359 1368 cava,
403 1326 473 1358 lobi
513 1334 616 1367 quam
654 1326 687 1357 in
727 1325 835 1365 priori
876 1324 1038 1367 majores,
1076 1324 1344 1367 subvertioales,
1382 1334 1448 1358 nec
1483 1335 1647 1368 unquam,

108 1388 274 1427 quantum
301 1388 485 1426 expertum
512 1384 695 1426 habemus,
724 1392 804 1415 vere
831 1382 1077 1425 horizontales,
1107 1384 1264 1422 margine
1279 1384 1452 1424 superiori
1471 1387 1649 1420 tenuiores

107 1453 230 1486 parum
264 1443 421 1476 undulati
458 1446 492 1475 et
525 1444 615 1475 inter
642 1451 679 1473 se
706 1442 921 1474 decussatim
950 1442 1120 1473 concreti.
1171 1440 1230 1473 His
1258 1443 1351 1474 notis
1379 1450 1394 1473 a
1423 1444 1543 1487 priori,
1570 1453 1649 1477 cum

109 1512 221 1544 quaa
247 1503 365 1535 multis
404 1501 523 1534 forsan
560 1500 848 1542 conjungeretur,
885 1500 1066 1541 praecipue
1106 1498 1233 1532 differt.
1303 1499 1501 1534 Keramidia
1536 1505 1648 1546 extus,

108 1565 147 1594 ut
172 1563 205 1593 in
234 1562 417 1602 sequente,
443 1568 567 1601 parum
594 1559 738 1601 elevata,
766 1558 829 1590 sed
855 1558 1103 1600 prominentia,
1129 1566 1216 1598 poro
1244 1559 1386 1590 minimo
1414 1561 1569 1600 pertusa.

203 1618 424 1660 Quamquam
450 1617 628 1658 Millepora
657 1617 817 1648 coriacea
843 1614 946 1648 βίηφι.
979 1614 1069 1657 Syst.
1102 1613 1183 1649 Nat.
1223 1615 1275 1647 ed.
1313 1617 1364 1657 42,
1404 1625 1472 1658 quo
1512 1619 1652 1650 nomine

111 1680 145 1710 in
172 1676 442 1710 collectionibus
481 1676 612 1716 schius
651 1677 864 1716 asservatur,
902 1674 945 1706 ad
983 1673 1073 1705 lianc
1112 1674 1268 1715 speciem
1297 1675 1475 1713 pertinere
1503 1675 1652 1716 videtur,

111 1738 228 1767 tamen
254 1736 289 1766 et
314 1734 467 1775 priorem
492 1732 570 1765 Mel.
598 1731 877 1772 agariciformem
905 1739 968 1763 suo
995 1732 1135 1763 nomine
1163 1730 1652 1775 subintellexisse‚Linneunn

111 1793 294 1836 probabile
321 1792 468 1825 videtur.
519 1792 605 1829 Qum
633 1799 712 1823 cum
738 1791 785 1822 ita
812 1791 893 1833 sint,
919 1797 1046 1821 nomen
1077 1789 1119 1821 ab
1147 1789 1264 1821 Ellisio
1292 1791 1326 1821 et
1341 1788 1510 1822 Solandro
1534 1790 1653 1822 datum

113 1851 288 1893 nullisque
327 1850 443 1883 dubiis
476 1852 639 1882 vexatum
671 1849 860 1881 Linnaeano
895 1847 1161 1880 anteferendum
1188 1849 1400 1889 putavimus.
1426 1847 1654 1888 -Litliopl1.

114 1910 342 1943 decussatum
381 1907 464 1942 Phil.
493 1907 512 1942 l.
541 1918 570 1942 c.
599 1916 678 1940 cum
704 1907 870 1949 priorem,
912 1907 983 1938 tum
1024 1905 1112 1938 lianc
1149 1906 1304 1947 speciem
1333 1906 1570 1948 complectere
1604 1908 1655 1938 ri-

115 1967 230 2000 detur.

121 2083 179 2124 43.
210 2088 256 2125 M.
286 2093 542 2123 sricrAEromus
576 2083 758 2129 [Aresclz.
789 2086 929 2130 mser.)
970 2083 1103 2132 pagina
1145 2081 1320 2120 inferiori
1351 2082 1484 2121 adnata
1515 2083 1653 2121 ambitu

228 2153 363 2202 soluta,
397 2151 533 2189 fronde
566 2151 723 2189 soliacea
755 2151 987 2189 stietoesormi
1006 2161 1118 2199 snpra
1140 2149 1539 2188 sarinoso-subscabra
1563 2151 1657 2187 sub-

229 2223 286 2256 tus
317 2220 511 2271 discolori,
557 2219 702 2270 loliata,
757 2219 852 2257 lobis
897 2218 1176 2256 subimliricatis
1224 2218 1437 2255 rotundatis
1482 2220 1658 2256 convexis

231 2287 421 2325 undulatis
464 2288 637 2335 margine
681 2286 933 2338 subintegris,
980 2286 1197 2324 keramidiis
1243 2285 1395 2324 elevatis
1438 2296 1507 2333 per
1551 2284 1660 2321 lobes

230 2355 380 2403 sparsis.

214 2429 500 2471 ‘fLithophyllum
528 2439 724 2472 expansum
752 2429 839 2465 Plzil.
865 2430 901 2463 in
938 2428 1072 2472 ll'z‘cffm.
1100 2428 1202 2462 slrclz.
1235 2429 1321 2460 4837
1347 2436 1377 2461 v.
1406 2429 1425 2461 2
1447 2438 1483 2471 p.
1515 2430 1591 2461 380.

232 2501 320 2538 llab.
353 2501 391 2538 in
422 2501 516 2538 mari
546 2500 832 2539 mediterraneo
866 2501 1037 2548 (Collect.
1073 2503 1157 2548 neg.
1190 2502 1271 2536 Soc.
1304 2499 1442 2536 Scient.
1476 2500 1578 2548 lips.)

217 2576 268 2609 Ex
296 2576 459 2609 omnibus
487 2576 588 2618 hujus
614 2578 754 2617 generis
781 2576 971 2619 speciebus
999 2575 1121 2608 Stictcc
1148 2574 1168 2606 l.
1198 2573 1379 2613 Peltigerae
1395 2575 1533 2607 cuidam
1550 2576 1663 2608 maxi-

125 2643 180 2667 me
207 2635 343 2667 similis.
392 2634 501 2667 Frons
527 2643 590 2676 per
615 2635 718 2675 longa
744 2636 859 2676 spatia
885 2643 1002 2676 rupes,
1030 2633 1134 2666 veluti
1161 2631 1333 2672 Peltigera
1358 2632 1530 2676 quaedam,
1546 2635 1664 2673 tegere

126 2692 274 2735 videtur,
313 2693 455 2725 omnino
496 2692 735 2737 horizontalis,
773 2693 937 2734 soliacea,
976 2700 1081 2733 supra
1109 2691 1162 2730 (in
1189 2691 1377 2722 exsiccatis
1403 2691 1520 2722 saltim
1547 2692 1666 2732 speci—

127 2750 297 2793 minibus)
340 2750 428 2794 alba,
470 2750 786 2795 sarinoso-scahra,
824 2752 950 2784 subtus
989 2750 1115 2783 coloris
1144 2749 1376 2791 flavescentis,
1404 2748 1531 2781 lobata.
1583 2747 1666 2780 Lobi

128 2808 163 2840 in
189 2816 317 2848 genere
343 2809 498 2852 maximi,
527 2808 716 2852 rotundati,
743 2808 1004 2850 2—3-1mllices
1039 2807 1208 2839 diametro
1236 2808 1429 2848 oequantes,
1456 2814 1549 2838 nunc
1574 2805 1666 2847 plani

130 2869 283 2911 omnino,
309 2876 403 2900 nunc
430 2867 508 2908 plus
536 2868 650 2900 minus
677 2869 825 2901 convexi
854 2869 889 2899 et
915 2866 1099 2908 imbricati,
1127 2872 1230 2905 quam
1257 2864 1290 2896 in
1313 2864 1422 2906 priori
1437 2862 1669 2896 sorsancras-

131 2926 254 2958 siores.
305 2924 501 2959 Keramidia
527 2934 591 2968 per
617 2927 725 2959 totam
751 2926 912 2960 frondem
939 2925 956 2956 l.
984 2923 1084 2957 lobos
1105 2931 1239 2966 sparsa,
1267 2923 1411 2965 minuta,
1436 2930 1519 2955 vere
1535 2921 1669 2954 elevata
