1895 3208
271 163 365 200 522
681 160 921 199 CORALLlNEAE
941 154 1118 212 (AUCTOR.
1138 156 1384 212 ARESCHJ.
1456 155 1809 200 Litliotlzamnion.

268 290 382 322 mibus
410 290 639 329 compositus.
668 285 754 318 Noui
781 285 1016 328 subspbaerici
1043 288 1215 327 apiceque
1244 296 1329 327 poro
1354 290 1501 331 pertusi,
1529 291 1564 322 et
1590 289 1720 331 ubique
1745 290 1810 321 ke-

268 348 424 380 ramisliis
461 353 586 386 parum
626 344 782 386 elevatis,
823 352 919 384 saepe
958 345 1064 375 etiam
1099 343 1279 383 depressis
1306 348 1544 387 conspurcati,
1571 349 1630 378 aut
1656 347 1809 379 steriles.

266 405 437 436 Frondem
463 402 626 443 deniquo,
654 403 691 432 ut
716 403 935 443 sequentem,
963 400 1108 432 liberam
1137 403 1279 433 omnino
1306 401 1413 434 fundo
1440 404 1657 447 incumbere,
1684 414 1810 446 quam—

267 470 370 503 quam
397 470 438 493 ex
465 461 672 500 specimine,
700 459 794 501 quod
820 467 938 490 coram
966 459 1078 491 oculis
1105 458 1230 502 habeo,
1258 460 1428 493 credibile
1444 462 1615 504 videatur,
1632 471 1695 503 pro
1712 464 1809 494 certo

265 522 381 549 tamen
409 517 582 549 affirmare
609 517 784 550 nolumus,
812 516 974 549 Ceterum
1001 516 1079 548 haec
1106 519 1188 549 nota
1218 519 1250 549 in
1278 519 1534 558 speciminibus
1558 522 1709 551 maxime
1724 527 1809 552 evo-

265 579 346 609 lutis
372 576 594 609 solummodo
609 575 675 607 sibi
695 577 883 616 constans,
909 576 1105 616 specimina
1133 577 1226 608 enim
1247 576 1387 618 juniora
1414 578 1541 609 adnata
1568 585 1657 618 esse7
1685 585 1811 619 quam-

265 644 369 676 quam
397 634 549 675 denique
576 636 680 666 aetate
706 634 930 674 provectiora
958 641 976 666 e
1004 635 1150 666 matrice
1176 635 1392 678 secedentia,
1419 635 1523 667 nullis
1547 634 1661 667 dubiis
1684 643 1809 668 vacare

265 693 487 725 crediderim.

263 809 298 847 3.
331 811 422 846 LiTu.
452 816 712 845 FASCICULATUM
753 806 982 852 (Lamarck.
1027 807 1128 844 Hist.
1167 807 1200 844 d.
1240 809 1358 845 anim.
1391 818 1421 845 s.
1453 813 1554 847 vert.
1586 809 1610 846 Ξ
1639 821 1676 857 p.
1708 808 1808 855 203)

373 874 511 912 fronde
557 874 726 922 denique
771 875 891 911 soluta
935 874 1136 911 rotundatu
1177 885 1367 923 purpurea
1400 877 1810 925 ramoso-fasciculam,

377 942 490 979 ramis
521 941 690 988 undique
723 940 1010 988 egredientibus
1038 940 1214 978 brevibus
1230 941 1497 989 subsastigiatis
1514 943 1804 988 subcylindricis

373 1008 675 1046 subdicbotomis
706 1008 813 1056 apice
845 1008 1027 1044 truncatis
1057 1019 1235 1056 poroque
1266 1010 1443 1059 permisis,
1475 1010 1704 1047 keramidiis.
1751 1040 1758 1047 .
1793 1040 1801 1047 .

354 1097 536 1138 Millepora
564 1095 782 1137 (Nullipora)
810 1095 1018 1128 fasciculam
1045 1093 1234 1129 Lamarck.
1267 1096 1288 1128 l.
1316 1106 1344 1129 c.

355 1155 534 1195 Nullipora
562 1154 736 1194 fastigiata
763 1151 900 1186 Blaz‘nv.
926 1172 971 1178 --
996 1153 1173 1187 Jolmston
1200 1153 1345 1187 Britisli.
1372 1154 1501 1199 Sponq.
1532 1155 1615 1189 and.
1650 1153 1806 1199 Lithopli.

257 1223 292 1256 p.
319 1212 385 1246 240
412 1214 435 1245 ι.
462 1211 506 1244 024
531 1210 557 1254 f:
585 1213 617 1244 6.

352 1271 543 1304 Melobesia
571 1269 778 1301 fasciculata
804 1266 913 1301 Harv.
941 1267 1044 1311 Pitye.
1070 1267 1161 1301 Brit.
1189 1270 1214 1301 t.
1241 1267 1392 1302 LXXIV.

370 1353 457 1391 llab.
496 1353 534 1388 in
576 1351 694 1388 tundo
733 1362 898 1389 arenoso
942 1350 1191 1398 coctileisque
1233 1351 1430 1400 adsperso,
1459 1350 1505 1387 ab
1537 1351 1614 1388 oris
1645 1351 1806 1388 Scandi-

259 1420 375 1457 naviae
405 1422 518 1466 atque
555 1418 756 1455 Britanniae
793 1429 913 1466 usque
952 1417 997 1454 ad
1040 1428 1146 1454 mare
1176 1417 1516 1456 mediterraneum.
1559 1421 1619 1466 (lu
1651 1419 1804 1455 Collect.

260 1491 345 1535 Reg.
377 1491 460 1524 Soc.
492 1486 688 1524 scientiar.
722 1485 861 1534 Upsal.)

352 1575 462 1607 Frons
501 1575 587 1606 4-02
615 1574 804 1616 pollicaris,
841 1581 1038 1615 purpurea,
1078 1573 1173 1605 circa
1211 1573 1366 1613 lapillum
1403 1572 1611 1614 plerumque
1649 1572 1804 1614 undique

259 1633 383 1675 effusa,
424 1632 575 1673 denique
613 1631 724 1664 forma
761 1631 841 1673 plus
880 1632 995 1663 minus
1033 1630 1221 1674 sphaerica,
1261 1633 1362 1663 ovata
1396 1630 1418 1665 l.
1447 1630 1608 1673 oblonga,
1646 1630 1802 1672 undique

257 1692 363 1724 ramis
391 1689 578 1729 fastigiatis
605 1689 683 1730 plus
711 1691 826 1722 minus
855 1689 975 1721 densis
1004 1689 1138 1721 ornata.
1194 1688 1292 1720 Rami
1320 1697 1413 1721 nunc
1440 1688 1621 1729 simplices
1649 1689 1701 1725 (in
1730 1686 1803 1718 for-

257 1750 322 1780 mis
349 1748 487 1780 scilicet
524 1748 639 1780 miuus
679 1748 894 1791 explicatis),
922 1748 1022 1788 apice
1057 1747 1255 1789 incrassati,
1282 1755 1375 1779 nunc
1404 1745 1603 1778 dichotome
1629 1745 1803 1788 multifidi,

257 1805 417 1848 apicibus
443 1805 522 1846 plus
550 1805 664 1837 minus
691 1806 875 1837 truncatis.
923 1805 951 1836 A
977 1805 1086 1846 priori
1114 1805 1245 1846 specie,
1274 1813 1353 1836 cum
1381 1804 1654 1846 quaidenticam
1669 1803 1801 1836 habere

256 1863 358 1895 facile
385 1863 489 1894 vellet
513 1861 658 1904 Harvey‚
686 1862 804 1895 differt
829 1864 935 1895 ramis
963 1862 1075 1902 magis
1101 1862 1274 1902 elongatis
1301 1862 1336 1893 et
1360 1862 1453 1893 inter
1478 1869 1516 1893 se
1533 1860 1719 1905 distinctis,
1735 1870 1800 1894 nec

257 1920 702 1959 nodoso—conglomeratis.

258 2036 292 2072 4.
324 2038 415 2072 LiTu.
447 2043 636 2072 ssi'ssoioiis
682 2034 913 2078 (Lamarck.
958 2034 1057 2071 Hisc.
1103 2034 1136 2071 d.
1181 2035 1301 2071 anim.
1348 2044 1379 2072 s.
1423 2038 1523 2072 vere.
1568 2034 1592 2072 2
1628 2047 1665 2083 p.
1698 2035 1797 2082 203)

366 2102 502 2138 fronde
546 2101 679 2138 adnata
725 2112 837 2149 supra
885 2101 1312 2149 rotundato-pulvinata
1358 2101 1636 2151 saniosissima,
1684 2101 1797 2138 ramis

364 2170 502 2206 erectis
546 2169 966 2217 pulvinalo-sastigialis
1009 2169 1128 2205 dense
1174 2165 1382 2216 compactis
1412 2169 1700 2215 subcylindricis
1733 2169 1797 2206 in·-

364 2238 473 2273 serne
505 2237 727 2273 coadunatis
757 2247 923 2285 superne
953 2236 1161 2283 multifidis,
1196 2236 1365 2284 apicibus
1395 2236 1668 2273 subattenuatis
1698 2237 1796 2273 sim-

364 2303 525 2351 plicibus
565 2305 585 2340 Ι.
626 2303 775 2352 Iobatis,
814 2303 1035 2340 kei-umidus
1075 2314 1242 2352 superne
1282 2314 1351 2351 per
1381 2314 1508 2341 ramos
1538 2304 1676 2352 sparsis
1708 2305 1794 2341 ele-

364 2372 466 2408 vatis.
1156 2357 1159 2360 “

346 2457 453 2490 Gleba
480 2457 658 2500 corallina,
695 2457 784 2500 alba,
816 2457 979 2499 calcaria,
1006 2458 1044 2489 ut
1070 2456 1259 2497 plurimum
1286 2457 1525 2498 irregulariter
1551 2456 1708 2500 globosa,
1736 2459 1795 2490 aut

251 2518 365 2548 ovata.
390 2514 466 2548 Seb.
497 2513 663 2548 Thesaur.
691 2514 757 2547 III.
781 2524 815 2557 p.
843 2516 908 2546 ‘212
936 2516 960 2546 t.
990 2515 1053 2545 446
1078 2512 1103 2556 fi
1132 2515 1162 2546 7.

342 2572 523 2614 Millepora
550 2572 778 2614 polymorpba
806 2572 952 2612 globosa
980 2570 1220 2614 Esp.·ll1illep.
1245 2573 1267 2604 t.
1297 2573 1349 2605 43.

343 2631 522 2672 Millepora
546 2631 759 2672 (Nullipora)
787 2630 973 2672 byssoides
1000 2628 1189 2663 Lamarclc.
1216 2631 1237 2662 l.
1264 2641 1294 2663 c.
1323 2631 1430 2669 (excl.
1458 2640 1535 2664 var.
1562 2631 1617 2671 B.)

343 2689 625 2721 Litbotbamuiou
653 2689 838 2731 byssoides
866 2687 950 2720 Pleu.
976 2688 1012 2720 in
1048 2685 1183 2730 ll'ieym.
1215 2687 1319 2721 Arclz.
1348 2689 1434 2721 4837
1456 2698 1491 2731 p.
1519 2687 1596 2720 384.

343 2746 531 2786 Spongites
557 2746 766 2779 fruticulosa
791 2745 893 2778 [sulz.
921 2745 1039 2788 I'o'yp.
1066 2742 1183 2787 calcis.
1205 2755 1241 2788 p.
1270 2745 1324 2780 33.
1349 2764 1393 2769 -—
1413 2746 1510 2788 Spec.
1533 2755 1569 2787 p.
1598 2745 1674 2776 699.

360 2828 447 2864 llab.
482 2827 517 2865 in
549 2829 644 2865 mari
676 2828 960 2865 mediterraneo
992 2839 1068 2865 sec,
1099 2827 1235 2865 Seban]
1269 2831 1306 2864 et
1337 2827 1506 2875 Philippi.
1548 2828 1607 2872 (ln
1640 2826 1785 2862 collec-

251 2892 353 2928 tione
385 2897 470 2941 Reg.
502 2898 584 2933 Soc.
617 2896 791 2933 Scieulia.
822 2895 984 2944 Upsal.t)
