1895 3208
93 143 442 202 Botryoqlossum.
667 147 940 191 Srnffinococco
947 162 1046 191 mimz.
1522 159 1548 198 6
1557 159 1580 198 7
1589 158 1613 199 5

184 276 324 310 Lamina
363 286 516 318 expansa
555 278 686 311 ambitu
724 288 819 320 saepe
857 281 1145 325 semicircularis,
1182 281 1350 317 diametro
1377 285 1614 331 semipedalis,

90 336 268 379 multifida,
307 336 553 379 partitionibus
591 339 749 370 cuneatis
790 339 1046 380 11-2-pollices
1073 349 1224 382 superne
1251 341 1343 375 latis.
1392 344 1614 386 Appendices

88 397 123 428 iu
150 396 249 437 apice
275 395 410 427 lamina²
439 397 532 429 vario
560 397 661 429 modo
689 397 926 440 configuratae,
954 398 1157 432 orleiioulatae
1186 400 1237 432 vel
1261 400 1614 445 renisormes,parva·

90 454 141 486 vel
179 454 351 486 interdum
389 455 675 498 semipollioares,
713 459 866 489 crenatae
905 455 1075 490 lobataevc
1115 458 1203 490 iobis
1243 459 1457 503 rotundatis,
1495 462 1614 502 stipite

89 514 235 553 angusto
262 512 472 555 insidentes,
498 512 644 546 fimbriae
671 513 872 546 consimiles
899 516 934 546 at
959 516 1111 547 minores
1140 517 1314 556 margines
1342 518 1503 552 laterales
1518 529 1614 562 sar-pc

88 574 222 606 ornant.
273 569 451 613 ‘’Capsulae
478 571 658 604 tubercula
686 574 809 605 exacte
843 572 990 605 rotunda
1026 574 1058 606 iu
1086 575 1240 614 margine
1267 574 1417 617 lamium,
1445 576 1613 610 diametro

89 628 129 671 ¹s3
156 629 257 662 lineae
290 629 454 671 referunt,
492 631 653 672 utrinque
687 638 843 663 convexa
878 630 1131 675 subsplia‘rioa,
1161 641 1238 674 quae
1265 633 1440 666 interdum
1468 635 1612 668 fimbriis

85 689 201 720 innata
229 687 525 730 conspiciuntur.”

176 745 407 778 Antecedenti
434 748 592 788 proxima
618 747 765 791 videtur,
792 748 855 780 sed
879 748 1070 789 segmentis
1097 748 1280 782 latioribus
1307 749 1502 795 fimbriatis,
1530 759 1614 784 coc-

85 803 256 846 cidiisque
282 805 531 845 marginalibus
557 805 735 839 distincta.

84 987 278 1040 CXIII.
326 987 783 1041 BOTRYoeLossUM
823 1008 979 1053 (isses.)
1014 1008 1133 1046 Harv.
1169 1008 1261 1047 Ner.
1293 1015 1422 1048 auser.
1452 1022 1488 1059 p.
1526 1010 1612 1051 447.

191 1075 493 1123 Botryoglossum
536 1078 573 1112 et
612 1076 906 1123 Neuroglossum
945 1077 1058 1116 Ii'z'c‘lz.
1094 1077 1242 1126 Plaeycol.
1276 1079 1367 1116 Gen.
1397 1089 1434 1126 p.
1468 1079 1544 1117 446
1576 1085 1613 1118 ec

191 1143 253 1190 Sp.
285 1142 366 1190 Aly.
396 1153 433 1190 p.
469 1142 560 1180 880.
593 1143 811 1181 Delesseriae
843 1155 898 1193 sp.
930 1143 1114 1182 Lamour.
1149 1150 1186 1182 ec
1216 1147 1328 1184 Aucc.

81 1224 198 1258 Frons
236 1221 343 1269 plana
382 1222 599 1259 caulescens
639 1221 1061 1272 evanescenti-costata,
1099 1224 1240 1273 duplici
1271 1228 1387 1263 strato
1420 1229 1611 1276 contexta3

189 1288 333 1325 cellulis
366 1289 610 1327 interioribus
641 1290 977 1338 longitudinalibus
1009 1291 1196 1343 oblongis,
1228 1293 1481 1331 exterioribus
1513 1305 1610 1343 qua-

189 1355 340 1392 draucis
373 1356 529 1394 seriatis.
562 1356 750 1395 Coccidia
782 1358 820 1395 in
854 1359 988 1397 fronde
1020 1360 1163 1397 sessilia
1194 1360 1610 1411 (lepi‘essa,gem1ni‹lia

188 1422 359 1472 obovata,
391 1423 428 1460 in
460 1424 528 1461 silis
567 1425 770 1462 articulatis
811 1425 1258 1474 dichotomo-sastigians
1289 1428 1449 1467 invicem
1483 1430 1610 1469 liberis

188 1503 206 1528 a
239 1490 410 1539 placenta
449 1490 561 1528 basuli
600 1493 673 1529 late
705 1503 866 1541 expansa
899 1494 1184 1541 egredientibus
1216 1497 1378 1547 evoluta,
1410 1497 1505 1536 intra
1538 1511 1609 1548 pe-

189 1558 393 1607 ricarpium
442 1570 609 1597 crassum
654 1560 798 1598 cellulis
846 1561 1017 1613 radians,
1062 1563 1314 1602 exterioribus
1361 1566 1610 1616 verticalibus,

187 1625 433 1664 interioribus
478 1626 826 1680 subconcentricis,
871 1633 1105 1681 contextum,
1150 1632 1303 1670 demum
1351 1636 1608 1683 cai-postomio

186 1699 372 1745 apertum,
405 1695 581 1733 foventia.
646 1696 942 1746 Sphoerosporoe
982 1699 1017 1736 in
1057 1711 1166 1737 soros
1204 1700 1430 1748 marginales
1468 1703 1608 1740 ambitu

185 1762 361 1799 definitos
392 1766 454 1799 aut
485 1762 521 1801 in
553 1765 803 1814 sporophyllis
834 1766 1000 1815 propriis
1031 1768 1212 1818 collectae,
1244 1768 1453 1807 rotundatae
1485 1770 1607 1808 trian-

188 1831 274 1879 gule
304 1830 443 1868 divisae.

163 1909 355 1948 ‘Frondes
396 1910 669 1959 caulescentes,
706 1911 833 1960 stipite
871 1923 1011 1962 nempe
1051 1924 1177 1952 crasso
1209 1915 1292 1963 plus
1322 1915 1448 1953 minus
1479 1916 1606 1953 denu-

27 1962 32 1970 ι
74 1978 161 2017 dato
205 1978 361 2016 demum
407 1988 556 2015 ramoso
602 1978 771 2028 suffultae,
815 1981 921 2017 caule
966 1992 1132 2029 superne
1171 1982 1208 2018 in
1248 1986 1390 2020 costam
1430 1995 1606 2034 crassam,

74 2046 199 2095 apices
244 2057 372 2083 versus
416 2045 610 2082 frondium
656 2050 968 2097 evanescentem,
1013 2048 1192 2086 abeunte.
1272 2050 1417 2088 Lamina
1464 2054 1605 2089 costam

75 2112 253 2161 utrinque
291 2111 494 2149 investiens
530 2111 818 2152 membranacea
847 2115 1133 2167 pinnatilobuta,
1164 2117 1335 2166 margine
1366 2119 1497 2167 phyllis
1528 2119 1604 2156 mi-

75 2181 231 2220 noribus
262 2179 548 2229 minoribusque
591 2181 790 2229 prolifero.
850 2182 1024 2220 Coccidia
1055 2184 1100 2220 ad
1134 2187 1336 2234 utrumque
1368 2189 1480 2223 costae
1511 2187 1604 2224 latus

74 2247 112 2285 in
144 2247 279 2286 fronde
311 2250 347 2284 et
376 2248 566 2297 praecipue
598 2248 635 2285 in
675 2249 806 2297 phyllis
845 2250 1142 2298 prolificantibus
1181 2253 1402 2304 majorIbus,
1444 2255 1602 2292 sectioni

75 2315 220 2353 frondis
264 2314 534 2366 subsimilibus,
579 2316 735 2353 sessilia.
808 2317 1085 2367 Spbaerosporae
1132 2330 1233 2356 nunc
1278 2320 1315 2357 in
1354 2321 1603 2369 sporopbyllis

75 2382 238 2432 propriis
281 2382 437 2420 minutis
481 2382 650 2421 obovatis
696 2387 815 2420 totum
856 2385 1003 2422 discum
1046 2386 1126 2423 sere
1157 2390 1401 2438 occupantes,
1433 2388 1603 2425 nuncin

73 2450 203 2498 phyllis
242 2449 448 2496 majoribus
486 2453 549 2487 aut
586 2450 623 2488 in
661 2449 892 2489 sectionibus
936 2452 1081 2491 frondis
1113 2466 1223 2492 soros
1253 2465 1362 2492 secus
1395 2455 1601 2502 marginem

74 2517 269 2564 elongatos
299 2517 519 2555 efficientes.

184 2584 332 2622 Cellulae
365 2584 560 2633 utriusque
591 2586 693 2622 strati
726 2597 858 2634 parum
888 2586 1111 2637 dissimiles;
1144 2588 1347 2626 interiores
1378 2590 1490 2638 paulo
1513 2590 1601 2627 lon-

74 2650 199 2699 giores
240 2651 440 2700 minusque
484 2653 676 2700 regulares
716 2664 827 2702 quum
859 2654 1084 2705 exteriores,
1114 2666 1196 2704 quae
1228 2656 1386 2694 omnino
1419 2658 1498 2695 sere
1529 2668 1600 2694 cu-

73 2718 163 2756 bicae
203 2721 240 2756 et
278 2718 603 2766 longitudinaliter
633 2723 670 2757 et
699 2721 942 2759 transversim
973 2722 1117 2760 seriatae
1149 2723 1333 2761 videntur.
1395 2726 1599 2773 Utrumque

73 2788 199 2823 autem
229 2789 384 2823 stratum
416 2786 588 2835 pluribus
618 2792 764 2826 constat
795 2790 1015 2827 cellularum
1047 2790 1231 2829 seriebus.

182 2854 358 2892 Coccidia
398 2855 477 2892 fere
519 2855 803 2904 bemispbaerice
848 2869 959 2907 supra
1004 2857 1180 2895 frondem
1227 2859 1385 2907 elevata3
1428 2860 1598 2908 placenta

73 2930 205 2968 magna
243 2931 327 2958 cum
367 2922 511 2961 frondis
549 2923 684 2971 pagina
722 2925 896 2974 parallela
935 2928 972 2963 et
1011 2926 1083 2963 late
1114 2937 1226 2975 supra
1257 2926 1414 2965 fundum
1445 2927 1599 2975 planum

1409 2990 1469 3024 44*
