1895 3208
242 125 268 163 6
277 124 335 164 78
814 116 1200 159 SruAERococcomssAE.
1517 115 1769 161 Delesseria.

351 266 515 304 expansa
545 250 828 299 egredientibus
859 250 1019 299 evoluta,
1057 249 1152 287 intra
1183 251 1439 300 pericarpium
1471 255 1599 304 tenue,
1629 252 1771 290 cellulis

351 319 604 359 eoncentricis
635 318 895 368 constitutum,
926 317 1079 355 demum
1111 320 1368 369 carpostomio
1393 323 1578 370 apertum,
1597 319 1770 357 foventia.

351 389 648 436 Sphoerosporoe
679 387 715 423 in
746 398 856 423 soros
891 385 1034 423 ambitu
1065 386 1242 426 definitos
1276 388 1419 426 frondis
1450 393 1512 427 aut
1542 389 1770 439 sporopliyl-

351 458 473 493 lorum
505 453 688 501 collectae,
720 454 942 504 rotundatae,
973 454 1160 502 triangule
1191 455 1329 494 divisae.

350 556 517 595 Frondes
548 559 611 592 aut
641 555 839 592 filiformes
866 557 1151 607 angustissimae,
1170 556 1353 606 ancipites
1371 558 1621 608 potiusquam
1640 561 1772 611 planae,

238 629 301 664 aut
331 625 485 662 latiores
518 624 636 672 planae
668 623 969 661 membranaceae
1001 628 1181 673 costaque
1212 626 1295 674 plus
1325 625 1451 663 minus
1484 627 1645 666 evidenti
1679 641 1771 678 per-

238 707 368 744 cursae,
399 693 504 731 venis
536 703 637 729 nunc
667 692 746 729 fere
777 692 903 742 nullis,
934 704 1037 730 nunc
1067 693 1295 744 conspicuis,
1319 694 1472 732 alternis
1490 697 1553 732 aut
1576 696 1773 745 oppositis.

239 761 466 802 Ramiticatio
514 762 551 798 in
598 761 756 798 diversis
801 761 1035 798 sectionibus
1080 762 1244 812 diversam
1277 773 1377 800 nunc
1407 762 1639 814 dicliotoma,
1670 767 1770 802 costa

240 834 400 880 furcata,
433 841 534 867 nunc
564 829 903 879 prolificationibus
934 842 952 866 a
985 833 1086 867 costa
1116 830 1276 868 indivisa
1305 830 1588 878 emergentibus
1610 831 1773 869 decom-

238 898 594 949 posito-prolifera3
640 910 741 935 nunc
779 898 1273 948 dichotomo-pinnatitida,
1320 898 1464 936 laciniis
1509 899 1774 949 sub-alternis,

238 968 425 1005 divisione
472 966 688 1004 dicbotoma
735 966 879 1004 frondis
924 971 1113 1015 costzeque
1159 966 1204 1004 ab
1252 967 1399 1015 origine
1445 967 1634 1017 formatis3
1674 979 1774 1004 nunc

238 1047 327 1073 vere
369 1034 602 1084 pinnatilida,
643 1033 788 1071 laciniis
827 1046 846 1071 a
878 1034 974 1071 iobis
1006 1034 1312 1072 excrescentibus
1344 1034 1490 1072 frondis
1521 1035 1624 1084 ortis,
1657 1036 1774 1083 magis

238 1103 434 1151 magisque
473 1102 670 1151 separatis.
739 1104 893 1139 Fructus
931 1114 1085 1151 quoque
1117 1114 1186 1151 pro
1217 1102 1374 1139 diversis
1405 1102 1639 1140 sectionibus
1671 1105 1771 1141 varie

237 1169 425 1218 dispositi.
492 1169 668 1207 Coccidia
708 1169 764 1207 vix
804 1181 879 1207 non
912 1182 1066 1219 semper
1097 1171 1135 1207 in
1166 1174 1268 1207 costa
1300 1170 1450 1208 venisve
1482 1171 1641 1221 sessilia,
1671 1184 1774 1209 nunc

238 1250 330 1275 vero
373 1238 409 1275 in
451 1241 566 1287 costa,
609 1249 710 1274 nunc
755 1241 898 1275 tantum
938 1239 974 1275 in
1008 1238 1110 1275 venis
1142 1238 1400 1288 obvenientia,
1433 1248 1533 1275 nunc
1565 1239 1601 1275 in
1634 1239 1774 1277 foliolis

237 1305 403 1354 propriis
434 1316 453 1341 a
485 1307 589 1342 costa
620 1308 684 1341 aut
714 1305 886 1353 margine
905 1305 1219 1354 provenientibus
1252 1306 1440 1344 immersa.
1499 1306 1580 1344 Sori
1614 1309 1676 1345 aut
1707 1319 1775 1356 per

238 1372 415 1410 laminam
460 1372 542 1409 sine
589 1373 725 1410 ordine
771 1373 889 1422 sparsi
936 1362 1142 1423 rotundati,
1187 1377 1249 1410 aut
1295 1377 1455 1423 utroque
1502 1374 1617 1411 latere
1663 1378 1774 1411 costae

239 1440 426 1490 oppositi,
463 1452 533 1488 per
575 1440 698 1490 paria,
737 1440 774 1477 in
814 1440 952 1478 eodem
992 1441 1084 1478 folio
1128 1441 1275 1489 singula
1320 1446 1383 1479 aut
1423 1444 1550 1493 plura,
1596 1444 1773 1492 geminati

238 1513 302 1548 aut
330 1508 474 1558 seriati,
505 1510 568 1544 aut
597 1507 765 1556 denique
797 1508 832 1545 in
864 1509 1116 1558 sporopliyllis
1148 1509 1312 1558 propriis
1343 1510 1773 1562 axillaribus,term1na-

238 1578 347 1626 libus,
378 1575 648 1624 marginalibus
678 1579 740 1613 aut
770 1589 791 1614 a
820 1579 923 1614 costa
955 1577 1293 1626 prorumpentibus
1324 1579 1489 1628 expansi.

348 1671 539 1706 structura
573 1667 732 1718 frondis,
764 1667 892 1716 paucis
923 1667 1207 1719 mutationibus,
1239 1668 1275 1706 in
1301 1669 1478 1707 omnibus
1496 1670 1641 1708 eadem.
1673 1674 1711 1710 ln
1731 1673 1774 1711 iis

238 1747 399 1785 quarum
431 1738 534 1773 costa
565 1735 691 1772 minus
721 1736 870 1774 evoluta
902 1740 970 1786 est,
1002 1737 1078 1773 haec
1109 1737 1254 1775 cellulis
1285 1738 1413 1787 paucis
1439 1739 1774 1787 longitudinalibus

237 1805 356 1853 magis
388 1803 563 1852 oblongis
594 1804 855 1853 constituitur,
896 1807 934 1840 ut
972 1807 1075 1841 costa
1112 1814 1202 1842 vero
1234 1805 1445 1844 evidentius
1478 1808 1623 1845 evoluta
1656 1812 1723 1858 est,
1754 1823 1772 1846 a

237 1877 354 1912 strato
385 1873 510 1921 amplo
543 1872 779 1921 cellularum,
812 1872 848 1908 in
882 1873 939 1909 tila
972 1872 1057 1909 liinc
1089 1871 1304 1923 incrassata,
1337 1873 1439 1910 illinc
1469 1875 1581 1922 longe
1606 1875 1773 1929 caudata,

238 1942 458 1980 subi-amosa
490 1942 527 1976 et
558 1939 757 1976 intertexta
789 1940 1024 1989 abeuntium,
1056 1943 1213 1979 constat.
1259 1943 1298 1977 ln
1324 1941 1495 1979 sectione
1514 1943 1773 1981 caulistraus-

237 2009 371 2047 versati
403 2008 529 2058 apices
560 2007 756 2045 incrassati
796 2009 932 2046 borum
965 2010 1114 2046 filorum
1146 2009 1252 2057 quasi
1284 2009 1428 2048 ceuutae
1460 2011 1624 2058 maJores
1656 2025 1771 2062 appa-

239 2082 336 2128 rent,
367 2077 466 2114 circa
497 2087 588 2125 quas
619 2076 675 2113 tila
710 2077 883 2114 tenuiora
916 2077 1020 2125 quasi
1053 2077 1196 2114 cellulae
1227 2077 1397 2114 minores
1429 2078 1695 2127 disponuntur.
1734 2083 1772 2118 ln

239 2149 398 2194 utraque
430 2143 563 2193 pagina
595 2147 696 2181 costa
729 2147 845 2181 strato
878 2145 1099 2182 cellularum
1131 2144 1363 2182 verticalium
1395 2145 1570 2196 cingitur,
1603 2147 1704 2196 quod
1736 2148 1772 2185 in

239 2213 416 2252 laminam
456 2211 632 2260 utrinque
671 2211 838 2249 excurrit
869 2215 905 2248 ot
948 2213 1042 2249 huno
1081 2213 1205 2250 efficit.
1277 2216 1429 2250 Constat
1467 2214 1592 2262 itaque
1624 2214 1773 2264 lamina,

235 2282 339 2328 juxta
377 2283 520 2316 costam
552 2279 726 2326 crassior,
757 2280 902 2317 cellulis
934 2280 1075 2329 duplici
1106 2282 1226 2318 saltim
1260 2281 1358 2318 serie
1390 2281 1602 2331 dispositis3
1635 2283 1771 2320 lamina

239 2361 367 2387 versus
398 2348 587 2397 margines
620 2348 773 2385 tenuior
805 2347 919 2385 unico
951 2352 1067 2387 strato
1100 2350 1321 2386 cellularum
1354 2361 1467 2400 saepe,
1498 2350 1527 2387 si
1559 2361 1635 2388 non
1667 2362 1771 2388 sem-

241 2429 319 2466 per,
352 2416 604 2454 constituitur.
636 2420 775 2454 Revera
795 2417 933 2454 lamina
964 2417 1041 2454 baec
1072 2421 1159 2455 ante
1190 2420 1330 2455 costam
1351 2418 1496 2467 existit3
1515 2429 1616 2456 venae
1634 2422 1772 2457 oostae-

239 2498 313 2535 que
346 2487 381 2523 in
414 2486 550 2523 lamina
581 2485 729 2523 novella
760 2485 900 2523 sensim
935 2485 1157 2537 formantur.>

349 2564 523 2603 Coccidia
554 2564 625 2602 situ
659 2564 770 2613 varia,
802 2567 987 2602 structura
1028 2565 1276 2614 conveniunt,
1307 2568 1394 2602 sunt
1425 2564 1462 2602 in
1494 2563 1669 2616 omnibus
1699 2563 1772 2601 de-

241 2646 380 2683 pressa,
412 2634 444 2670 ll.
477 2645 508 2670 e.
541 2644 625 2670 cum
657 2636 762 2681 parte
796 2633 956 2681 lamium,
988 2633 1025 2670 in
1056 2645 1128 2681 qua
1160 2634 1266 2670 affixa
1297 2636 1396 2683 sunt,
1428 2633 1615 2683 parallela,
1640 2631 1770 2669 latiora

241 2712 351 2748 quam
393 2699 593 2737 altitudine
635 2701 791 2738 elevata.
861 2700 1120 2750 Pericarpium
1160 2701 1285 2749 itaque
1327 2712 1439 2750 supra
1479 2700 1583 2738 basin
1624 2701 1769 2749 planam

240 2768 792 2818 depresso-liemispbaericum,
825 2771 952 2817 tenue,
984 2768 1112 2816 paucis
1145 2768 1267 2805 stratis
1288 2769 1509 2806 cellularum
1527 2766 1769 2804 concentrice

241 2834 508 2882 dispositarum
548 2836 814 2885 constitutum3
855 2837 997 2873 cellulse
1041 2836 1252 2873 exteriores
1283 2837 1421 2873 arctius
1453 2835 1675 2882 conjunctae,
1709 2833 1771 2870 in-

243 2902 402 2939 teriores
433 2902 570 2940 dissita>
601 2915 712 2952 parce
743 2907 1069 2942 anastomosantes
1100 2906 1138 2940 et
1167 2914 1251 2941 cum
1271 2904 1340 2941 silis
1358 2902 1581 2941 sterilibusa
1600 2901 1770 2949 placenta
