1895 3208
262 131 322 171 69
331 132 356 171 2
838 127 1220 172 SPHAEROCOCCOlDEAE.
1539 129 1794 176 Delesserz'a.

352 264 468 298 Variat
495 259 715 304 Ouercz'folia
741 261 877 294 laciniis
903 261 1112 305 rotundatis,
1140 265 1174 295 et
1200 261 1370 306 linqulala
1397 262 1561 298 dentibus
1586 267 1622 298 in
1649 266 1794 300 lacinias

258 321 673 365 elongato-spatliulatas,
700 319 798 363 quasi
825 329 843 352 e
869 321 1027 361 margine
1054 320 1187 354 frondis
1214 321 1373 355 indivisae
1396 325 1577 366 exeuntes,
1593 325 1696 366 longe
1709 334 1794 368 pro-

258 384 383 416 ductis.
432 380 513 412 Haec
538 380 718 421 praecipue
744 379 778 411 in
806 379 891 417 mari
918 379 1048 411 Baltico
1079 378 1229 412 obvenit.

350 440 498 479 Kiitzing
536 438 693 480 analysin
731 437 865 471 fructus
900 438 1001 480 hujus
1028 439 1157 479 plantae
1188 439 1284 472 dedit
1309 440 1412 482 plane
1439 439 1579 485 salsam,
1604 442 1794 483 gemmidia

256 506 382 540 nempe
419 498 510 529 intra
551 496 748 529 coccidium
782 496 889 529 libera
916 497 1030 538 pingit
1055 500 1091 529 et
1116 497 1182 529 hoc
1209 497 1414 531 charactere
1440 508 1543 533 suum
1568 509 1678 541 genus
1703 500 1795 544 Phy-

257 556 382 598 codrys
409 556 483 588 sine
510 554 616 588 dubio
642 555 824 596 praecipue
850 554 1031 588 fundatum
1059 556 1140 589 vult.
1193 556 1262 589 Sed
1289 566 1358 590 non
1386 559 1497 598 magis
1524 559 1558 591 in
1584 558 1660 602 hac,
1688 568 1793 602 quam

256 615 289 646 in
327 614 396 645 ulla
438 613 503 645 alia
540 611 761 646 Delesseriea
799 613 908 646 libera
946 616 1045 656 sunt,
1090 615 1180 648 intra
1218 616 1362 649 cellulas
1401 617 1537 650 filorum
1576 626 1595 650 a
1631 618 1794 660 placenta

255 673 464 706 radiantium
502 672 707 717 formantur,
746 672 957 716 demumque
995 673 1106 707 libera
1139 675 1292 708 evadunt
1329 677 1364 709 in
1404 675 1471 709 hoc
1513 677 1606 710 velut
1644 678 1677 709 in
1717 685 1793 709 om—

254 731 358 764 nibus
386 731 473 764 aliis.

260 856 318 897 47.
350 862 388 898 D.
419 868 647 906 QUERClFOLIA
681 859 806 908 [Bory
844 859 927 909 Voy.
959 858 1078 909 Coqu.
1107 872 1144 909 p.
1180 860 1276 909 486)
1310 861 1454 900 frondis
1484 864 1634 900 costaiae
1666 873 1794 912 oppo-

364 927 434 965 site
475 937 624 966 venosae
667 928 768 965 foliis
813 929 931 966 ovalis
971 928 1226 979 pinnatifidis‚
1269 929 1413 967 laciniis
1460 931 1612 968 castatis
1651 931 1791 968 sensim

364 995 558 1046 separatis,
597 997 727 1034 foliola
765 997 920 1046 propria
963 997 1127 1046 oblonga
1160 998 1282 1036 lobata
1317 998 1393 1036 basi
1425 1001 1616 1037 attenuata
1647 999 1793 1037 consti-

364 1064 570 1113 tuentibus,
601 1064 698 1103 soris
729 1065 1048 1114 punctiformibus
1078 1066 1160 1103 sine
1192 1066 1328 1103 ordine
1361 1066 1459 1104 inter
1490 1076 1602 1103 venas
1633 1066 1791 1105 lacinia-

363 1142 447 1168 rum
478 1132 628 1182 sparsis,

344 1207 543 1241 Delesseria
571 1210 777 1252 quercifolia
803 1208 900 1254 Bory
932 1209 1011 1254 Voy.
1039 1210 1145 1256 Coqu.
1172 1211 1194 1244 l.
1221 1221 1250 1245 c.
1277 1210 1346 1244 tab.
1375 1212 1416 1244 118
1442 1209 1499 1256 fiq.
1517 1215 1553 1247 ‘ll
1580 1212 1609 1246 I.
1625 1211 1667 1247 D.
1682 1213 1790 1248 Hoolt.

251 1267 284 1299 et
311 1265 418 1300 Ilarv.
456 1266 575 1310 Crypt.
613 1271 769 1303 amaret.
803 1279 839 1313 p.
880 1270 961 1303 465!
994 1268 1095 1304 Kritz..
1123 1280 1173 1314 sp,
1196 1280 1232 1314 p.
1260 1271 1338 1304 878!
1371 1269 1479 1305 Harv.
1504 1270 1590 1306 Ner.
1617 1274 1731 1306 auscr.
1753 1282 1789 1317 p.

254 1325 317 1359 414
343 1324 414 1360 ταῦ.
441 1323 571 1360 XLVI!

363 1398 449 1436 Hab.
493 1398 534 1436 in
579 1410 726 1438 oceano
771 1400 926 1438 australi
970 1400 1016 1438 ad
1062 1400 1202 1439 insulas
1245 1401 1469 1455 Malouinas,
1510 1406 1547 1442 et
1585 1406 1658 1454 Cap
1690 1407 1789 1443 Horn

253 1468 477 1515 (llookerl).
739 1467 741 1470 ⁴

346 1545 492 1588 Species
518 1554 537 1578 a
562 1554 618 1577 me
656 1554 781 1587 parum
817 1546 1006 1590 intellecta,
1046 1546 1251 1588 fragmentis
1278 1550 1413 1581 tantum
1447 1551 1661 1592 conspectis.
1711 1550 1789 1583 Sec.

251 1603 449 1637 Hookerum
488 1607 523 1637 et
558 1603 694 1647 Harvey
736 1605 829 1637 omni
867 1608 1033 1646 respectu
1072 1615 1152 1639 cum
1185 1606 1225 1640 D.
1258 1608 1403 1640 sinuosa
1429 1611 1603 1654 convenit,
1630 1613 1790 1653 exceptis

252 1666 385 1696 tantum
412 1663 680 1706 sphaerosporis‚
707 1672 786 1705 quae
814 1664 847 1695 in
872 1662 912 1696 D.
939 1664 1146 1706 quercifolia
1171 1675 1278 1708 supra
1302 1668 1466 1709 paginam
1492 1668 1626 1702 frondis
1655 1678 1789 1711 sparsae

250 1722 342 1753 sunt.
391 1720 494 1754 Venae
520 1723 664 1764 insuper
690 1724 883 1755 crassiores
909 1725 1077 1756 flexuosae
1104 1727 1139 1757 et
1159 1726 1259 1767 apice
1275 1735 1423 1759 ramosae
1440 1728 1522 1762 mihi
1541 1728 1777 1771 adparuerunt

250 1779 332 1812 dum
358 1780 393 1812 in
418 1779 457 1813 D.
487 1781 632 1815 sinuosa
657 1783 855 1816 strictiores
883 1784 918 1816 et
944 1783 1123 1826 simplices
1149 1785 1193 1818 ad
1219 1786 1366 1819 lacinias
1394 1789 1596 1820 excurrunt.

1782 1754 1790 1772 ἲ

255 1895 313 1934 48.
346 1900 385 1935 D.
416 1905 641 1935 CRASSlFOLlA
675 1898 818 1947 [Rupr.
859 1898 941 1947 Alq.
982 1898 1114 1938 Oclzoc.
1143 1912 1182 1949 p.
1215 1899 1313 1949 232)
1355 1902 1500 1941 frondis
1531 1906 1681 1941 costatae
1713 1914 1787 1952 op-

366 1964 490 2013 posite
521 1975 670 2003 venosae
703 1966 803 2003 foliis
834 1966 1126 2006 sublanceolatis
1156 1969 1429 2020 pinnatisectis‚
1460 1970 1604 2008 laciniis
1635 1971 1787 2008 costatis

359 2043 448 2070 mox
488 2033 670 2082 separatis
710 2035 839 2072 foliola
879 2036 1033 2084 propria
1077 2038 1479 2077 euneato-lanceolata
1520 2038 1652 2076 obtusa
1683 2039 1787 2076 inte-

359 2100 524 2148 gerrima
563 2102 896 2152 constituentibus,
934 2103 1031 2142 soris
1072 2105 1313 2154 sporopliylla
1358 2106 1512 2143 costalia
1557 2105 1786 2155 subspatliu-

359 2169 429 2206 lata
461 2169 748 2221 occupantibus,
785 2171 965 2209 coccidiis
997 2172 1032 2210 in
1064 2174 1353 2222 parenchymate
1385 2173 1546 2213 evolutis
1576 2185 1645 2223 per
1673 2174 1786 2212 fron-

358 2238 448 2276 dem
478 2237 629 2287 sparsis.

359 2316 445 2355 llab.
479 2317 515 2355 in
546 2317 642 2355 mari
674 2319 944 2357 Kamtscliatico
976 2319 1022 2357 ad
1054 2320 1214 2358 insulam
1245 2323 1296 2359 Szt
1325 2320 1429 2359 Pauli
1459 2323 1571 2369 (Mus.
1595 2321 1785 2371 Petrop.!)

341 2395 518 2437 Apparatu
558 2394 701 2427 radic-ali
739 2394 869 2428 fibroso
908 2396 942 2428 in
980 2395 1107 2438 Mytilis
1144 2397 1292 2440 aliisque
1327 2397 1422 2438 Algis
1455 2397 1627 2439 adfigitur.
1676 2397 1784 2431 Frons

248 2455 391 2487 circiter
422 2454 570 2497 pedalis,
603 2454 702 2486 caule
736 2463 942 2497 compresso
980 2455 1142 2496 elongato
1168 2456 1247 2498 plus
1273 2457 1389 2489 minus
1416 2455 1604 2499 denudato,
1631 2465 1783 2498 superne

248 2512 338 2545 soliis
365 2515 501 2546 ornato.
550 2512 643 2545 Folia
670 2522 801 2557 crassa,
828 2513 905 2546 basi
932 2514 1034 2554 longe
1062 2517 1212 2548 cuneata
1238 2516 1270 2548 in
1299 2516 1456 2557 stipitem
1473 2517 1662 2558 attenuata,
1684 2517 1785 2558 apice

249 2571 445 2615 rotundam,
472 2572 628 2612 margine
655 2572 892 2616 integerrima,
921 2573 1224 2617 l-3-pollicaria,
1250 2574 1415 2616 pollicem
1430 2573 1611 2607 dimidium
1632 2574 1688 2606 vix
1705 2574 1783 2616 lata,

248 2630 346 2660 costa
384 2639 495 2671 usque
533 2630 577 2663 ad
615 2632 752 2673 apicem
790 2633 948 2675 extensa,
988 2633 1158 2675 venisque
1197 2633 1416 2666 secundariis
1451 2634 1624 2675 oppositis
1657 2633 1782 2674 angulo

248 2686 388 2719 circiter
413 2687 474 2721 400
501 2689 764 2729 egredientibus
791 2698 971 2731 percursa.
1021 2689 1113 2723 Inter
1139 2700 1247 2723 venas
1273 2691 1410 2724 laciniae
1436 2692 1568 2724 sensim
1591 2690 1784 2724 formantur

248 2745 283 2774 et
308 2744 341 2776 in
367 2744 483 2777 foliola
508 2755 598 2780 nova
625 2756 706 2781 mox
732 2748 872 2781 abeunt.
901 2767 941 2772 -—
970 2748 1200 2792 Sporopliylla
1230 2751 1274 2783 ad
1300 2753 1434 2784 costam
1460 2751 1584 2794 adfixa,
1602 2751 1782 2793 praecipue

247 2809 357 2844 prope
390 2804 512 2837 axillas
545 2815 710 2839 venarum
744 2807 843 2848 plura
877 2808 1083 2850 plerumque
1122 2812 1321 2851 aggregata,
1349 2819 1366 2843 a
1393 2810 1469 2843 basi
1496 2810 1643 2842 cuneata
1669 2808 1782 2840 subli-

248 2860 365 2891 nearia
401 2860 654 2897 obtusiuscula.
714 2865 879 2898 Coccidia
916 2866 1006 2898 inter
1033 2875 1151 2911 venas,
1186 2867 1229 2901 ad
1256 2868 1399 2901 venulas
1425 2868 1483 2901 vix
1508 2866 1718 2908 conspicuas
1745 2868 1783 2899 ut

248 2916 385 2949 videtur
411 2920 560 2964 evoluta,
586 2930 650 2963 per
673 2923 909 2966 parencliyma
935 2932 1070 2966 sparsa.
