1895 3208
301 155 357 195 45
366 153 393 195 0
945 150 1191 195 HrrNEAcizAE.
1640 153 1687 197 H
1682 167 1833 213 ypnea.

298 289 474 322 stantibus
510 286 646 319 inferne
683 284 821 328 obsitae,
858 283 1020 326 apicibus
1055 293 1178 326 parum
1213 285 1517 326 proeminentibus
1551 288 1657 320 rectis
1683 287 1833 321 nudius-

297 353 396 384 cunr.
459 347 615 390 Spinulse
652 343 936 377 stellulaesormes
976 343 1082 376 radiis
1121 345 1234 376 acutis
1273 345 1361 376 3-6
1389 345 1589 379 divaricatis
1617 348 1833 389 constantes,

295 408 455 449 peltatim
496 404 622 447 affixae,
664 404 808 437 sessiles
844 405 904 436 aut
928 402 1035 435 breve
1061 402 1294 445 pedicellatae,
1322 403 1451 435 lineam
1478 406 1535 437 vix
1562 405 1687 448 longae,
1715 407 1833 438 colore

296 466 410 500 vivide
437 465 543 499 rubro
572 463 712 496 facilius
740 461 984 503 observandae,
1012 462 1117 494 ramis
1144 464 1204 493 aut
1222 462 1371 502 spinulis
1387 463 1607 505 simplicibus
1625 464 1832 498 insidente-S.

293 525 451 566 Spinulae
478 523 660 565 simplices
686 530 704 554 a
730 520 808 554 basi
834 520 958 553 latiore
974 521 1197 563 acuminatie,
1213 522 1338 562 acutae,
1355 521 1488 563 rigidae,
1504 520 1689 555 inferiores
1704 523 1831 555 lineam

294 584 419 625 longae,
447 581 649 622 superiores
675 578 869 621 breviores,
895 577 999 610 nudae
1026 580 1085 610 aut
1110 577 1259 620 spinulis
1284 578 1432 610 stellatis
1458 578 1584 612 obsitae
1611 582 1646 613 et
1665 582 1699 613 in
1715 590 1831 614 ramos

294 641 558 674 excrescentes.
620 637 776 679 Spinulae
815 636 950 668 fertiles
989 636 1045 677 (in
1084 644 1155 668 var.
1192 638 1244 676 β.)
1282 636 1503 677 simplicibus
1542 638 1657 679 quoad
1684 638 1831 672 sormam

293 700 439 743 similes,
478 700 513 731 at
550 699 638 739 ipsae
677 695 828 737 spinulis
862 694 999 738 obsitae,
1026 695 1172 737 strictae,
1199 694 1365 736 capsulas
1391 695 1597 739 plerumque
1623 697 1742 739 plures
1770 707 1833 738 ge-

293 761 424 790 rentes.
475 755 578 788 Color
604 763 782 787 ramorum
809 762 972 797 carneus,
1000 753 1218 795 spinularum
1243 762 1455 796 purpureus.

386 816 506 849 Utrum
545 815 735 847 varietates
775 813 890 846 allatae
928 813 971 845 ad
1010 812 1158 845 eandem
1197 813 1356 854 speeiem
1394 822 1516 846 revera
1552 816 1753 856 pertineant
1789 825 1831 849 au

293 873 461 915 specifice
501 872 652 905 diversae
691 872 778 914 sint,
824 871 1018 913 dijudicare
1056 880 1126 903 non
1164 871 1263 913 licet,
1303 881 1409 912 quum
1449 871 1640 906 fructiferae
1677 875 1833 908 nondum

293 933 490 966 observatae
517 933 599 965 sint.
650 930 727 963 Var.
753 933 785 971 β.
812 932 851 963 ut
876 930 986 972 Hypn.
1015 929 1232 963 hamulosam
1261 930 1341 962 olim
1366 939 1462 973 saepe
1490 931 1733 967 determinavi.

297 1071 356 1110 43.
388 1075 425 1110 ll.
458 1073 642 1110 VALEWAE
675 1070 819 1116 (Turn.
851 1069 950 1107 Hist.
987 1069 1082 1107 Fue.
1116 1068 1193 1106 tab.
1225 1066 1298 1115 78)
1339 1071 1536 1119 eaespitosa
1579 1072 1726 1109 alterne
1771 1083 1833 1109 ra-

402 1150 523 1189 mosa,
555 1138 670 1176 ramis
701 1141 805 1175 extra
830 1137 1022 1186 caespitem
1055 1148 1189 1185 parum
1223 1137 1424 1187 porrectis,
1455 1149 1525 1187 per
1555 1141 1670 1176 totam
1704 1138 1833 1185 longi-

403 1206 574 1243 tudinem
620 1204 848 1241 densissime
894 1204 1101 1252 spinulosis
1146 1204 1253 1252 apice
1284 1204 1549 1242 subdenudato
1583 1205 1832 1255 meliusculis,

401 1273 561 1322 spinulis
606 1281 920 1320 quoquoversum
966 1270 1252 1318 egredientibus
1296 1271 1616 1322 horizontalibus,
1658 1273 1834 1320 plurimis

401 1339 639 1389 simplicibus
679 1351 699 1377 a
747 1338 824 1376 basi
867 1338 1003 1375 latiore
1041 1338 1267 1376 acuminatis
1298 1338 1442 1389 rigidis,
1472 1338 1554 1377 aliis
1585 1340 1831 1378 stellulaefor-

402 1407 526 1445 mibus
556 1406 678 1445 vivide
710 1406 848 1457 rubris,
880 1405 1074 1444 fructibus.
1109 1437 1115 1444 .
1150 1438 1156 1445 .
1188 1438 1198 1447 .

383 1497 499 1530 Fucus
530 1496 698 1529 Valentiae
730 1493 834 1528 Turn.
861 1494 882 1528 l.
910 1505 940 1528 c.
968 1495 1053 1534 (tide
1079 1495 1273 1537 Montagn.!
1301 1505 1370 1529 non
1396 1495 1517 1540 Auel.)

383 1556 526 1599 Hypnea
554 1554 721 1587 Valentiae
747 1553 858 1588 Mont.
884 1553 1017 1588 Canar.
1039 1564 1078 1597 p.
1107 1555 1165 1586 461
1196 1555 1234 1588 in
1259 1555 1401 1588 adnot.!

384 1614 666 1656 Spliaerococcus
693 1612 932 1646 muscisorniis
959 1612 991 1646 ὃ.
1019 1613 1185 1647 Valentiae
1211 1613 1270 1658 Ay.
1295 1624 1346 1658 sp.
1369 1624 1406 1658 p.
1433 1616 1510 1648 328.

400 1685 490 1723 llab.
520 1685 557 1722 in
590 1684 685 1722 mari
717 1683 834 1722 rubro
864 1685 1131 1734 (Seliimperl).

381 1761 554 1804 Caespites
592 1761 906 1804 AE-G-pollicares,
945 1761 1129 1795 frondibus
1168 1764 1268 1796 extra
1307 1764 1490 1806 caespitem
1522 1772 1647 1806 parum
1674 1765 1830 1806 proemi-

286 1820 465 1854 nentibus.
527 1819 684 1853 Frondes
722 1818 858 1852 inferne
898 1821 1060 1853 crassitie
1097 1830 1225 1863 penna·
1266 1821 1492 1866 columbinae,
1530 1831 1669 1855 sursum
1696 1823 1828 1855 sensim

287 1882 494 1922 attenuatae,
532 1879 640 1911 ramis
679 1877 871 1919 majoribus
909 1878 1204 1921 brevioribusque
1245 1881 1363 1912 mixtis
1403 1880 1670 1923 decompositae.
1731 1881 1828 1914 Rami

287 1940 413 1971 eximie
451 1939 627 1980 patentes,
654 1935 788 1970 inferne
817 1939 851 1968 et
877 1936 1069 1970 adultiores
1102 1938 1286 1981 spinulosi,
1314 1947 1467 1980 superne
1494 1942 1529 1971 et
1551 1940 1725 1981 juveniles
1752 1942 1828 1982 spi-

288 1997 377 2028 nulis
406 1995 596 2037 majoribus
624 1996 658 2027 at
682 1995 791 2027 multo
818 1995 1057 2036 sparsioribus
1084 1995 1201 2038 obsiti,
1230 1997 1331 2039 apice
1354 1999 1596 2038 proeminente
1612 2000 1826 2032 rectiusculo

286 2055 382 2088 nudi.
443 2054 597 2096 Spinula¹
636 2054 671 2085 in
711 2052 875 2085 inferiore.
915 2061 1092 2086 ramorum
1130 2056 1229 2096 parte
1269 2054 1507 2099 densissimae,
1546 2056 1635 2089 intra
1674 2059 1827 2098 spatium

285 2113 475 2145 millimetri
511 2112 643 2153 plures,
682 2119 967 2152 quoquoversum
1007 2102 1242 2156 egredientes,
1276 2121 1295 2144 a
1327 2112 1403 2146 basi
1430 2113 1553 2146 latiore
1580 2116 1713 2147 sensim
1740 2124 1827 2160 acu-

285 2173 439 2214 minata‘,
467 2170 599 2212 rigidae,
630 2165 735 2212 'ss—4
768 2169 895 2201 lineam
922 2170 1063 2202 circiter
1090 2171 1221 2212 longae,
1248 2170 1300 2204 liis
1321 2171 1424 2212 longe
1438 2172 1598 2213 plurimis
1614 2174 1825 2206 intermixtae

284 2231 367 2261 sunt
393 2229 481 2272 aliae,
508 2228 648 2260 caeteris
674 2228 731 2259 vix
758 2227 947 2270 longiores,
976 2228 1273 2272 stellulaesormes,
1300 2238 1426 2272 nempe
1449 2230 1825 2274 divaricato-ramosae,

283 2288 442 2328 peltatini
469 2286 594 2329 affixzt‘,
628 2286 772 2318 sessiles
805 2288 864 2318 aut
890 2286 987 2318 brevi
1014 2286 1188 2328 pedicello
1215 2287 1380 2331 suffultae,
1409 2289 1526 2322 colore
1553 2291 1691 2322 int-ense
1719 2289 1824 2323 rubro

284 2346 401 2376 statim
440 2343 693 2386 observanda),
733 2345 839 2376 ramis
878 2344 1002 2377 horum
1041 2346 1172 2378 crassis
1210 2347 1431 2390 acuminatis,
1460 2348 1492 2380 in
1523 2349 1660 2389 singula
1685 2349 1823 2382 stellula

283 2403 385 2435 ⁶2—7.
436 2402 636 2445 Specimina
664 2411 742 2435 mea
769 2403 912 2436 sterilia.
963 2403 1166 2437 Substantia
1193 2405 1303 2438 firma.
1353 2405 1455 2439 Color
1491 2408 1762 2451 atrovirescens,
1790 2408 1822 2440 in

285 2463 416 2494 nostris
444 2462 685 2494 exsiccatione
711 2460 861 2494 albidus.

378 2520 470 2558 Quid
509 2520 558 2552 sit
593 2518 707 2552 Fucus
747 2518 912 2552 Valentia}
951 2518 1095 2552 Turneri
1123 2529 1166 2553 ex
1192 2521 1302 2562 figura
1330 2521 1408 2555 data
1437 2523 1493 2555 vix
1520 2524 1713 2557 eruendum
1739 2524 1822 2564 mihi

282 2576 432 2609 videtur.
491 2576 735 2621 Montagneus,
773 2579 831 2620 qui
871 2579 1138 2620 completiorem
1177 2581 1412 2622 speciminum
1450 2583 1578 2615 seriem
1611 2584 1687 2615 sine
1714 2583 1820 2616 dubio

282 2636 379 2679 vidit,
405 2637 558 2677 plantam
585 2636 727 2668 Turncri
756 2638 802 2669 ita
844 2637 1093 2669 determinavit
1118 2640 1156 2670 ut
1181 2639 1326 2682 speciei,
1354 2648 1458 2681 quam
1484 2641 1562 2681 ipse
1587 2639 1626 2673 H.
1654 2639 1819 2674 Valentia&

282 2693 533 2737 denominavit,
572 2695 726 2727 identica
765 2696 872 2728 esset.
935 2695 1030 2728 Hanc
1070 2696 1226 2737 plantam
1251 2697 1452 2738 Montagnei
1479 2707 1559 2731 eum
1585 2701 1705 2731 nostra
1732 2707 1821 2732 con-

282 2753 400 2784 venire
427 2753 611 2785 convictus
633 2762 722 2785 sum.
774 2752 946 2786 Deeaisne
974 2753 1045 2794 (Pl.
1071 2753 1112 2787 de
1138 2754 1265 2788 l'Arab.
1289 2765 1325 2798 p.
1354 2756 1436 2797 483)
1462 2755 1501 2788 H.
1528 2754 1692 2788 Valentiae
1719 2757 1754 2788 et
1781 2755 1819 2788 H.
1843 2747 1851 2755 ⁹

281 2809 500 2843 hamulosam
539 2810 765 2853 conjunxisse
803 2811 952 2844 videtur.
1022 2811 1169 2854 liiitzing
1207 2814 1358 2856 denique
1395 2814 1535 2846 nomine
1575 2812 1613 2845 ll.
1653 2812 1818 2846 Valentia}

280 2865 411 2900 Flu-um
438 2869 604 2902 Valentiax
630 2871 665 2901 ct
689 2868 723 2902 1³.
752 2869 972 2902 liamulosum
999 2868 1154 2915 Turneri,
1188 2871 1397 2904 Cliondriam
1423 2870 1639 2904 hamulosam
1667 2870 1817 2911 Agardlii

283 2925 317 2954 et
355 2924 505 2968 denique
543 2926 716 2960 Gelidium
755 2928 969 2961 ramulosum
1008 2927 1115 2962 Mont.
1155 2928 1432 2970 comprehendit.
1499 2928 1535 2961 ln
1572 2927 1704 2969 I'ugillo
1741 2929 1817 2969 Alg.
