1895 3208
83 128 340 188 Hymenena.
657 130 1037 176 Srnffiaococcomssffi.
1516 137 1541 176 6
1551 139 1573 177 7
1582 136 1607 176 3

194 263 477 310 egredientibus
518 264 678 314 evoluta,
720 265 815 303 intra
857 266 1109 316 pericarpium
1149 278 1329 319 crassum,
1369 268 1513 307 cellulis
1545 282 1609 308 ra-

191 331 627 381 ‹tiatis,‚exterioribus
680 333 938 384 verticalibus,
990 335 1233 373 interioribus
1284 335 1609 375 subconcentricis

191 400 422 449 contextum,
468 399 622 437 demum
669 401 925 449 carpostomio
970 406 1156 453 apertum,
1188 404 1364 442 foventia.
1424 405 1610 453 Splaeoero-

190 476 320 513 sporoe
362 465 399 503 in
437 477 545 504 soros
583 467 680 504 inter
718 479 828 506 venas
866 467 1159 516 longitudinales
1197 471 1386 510 flexuosos
1430 472 1596 511 colleetae

191 532 399 571 rotundatae
431 535 616 584 triangnle
645 535 782 574 divisa).
845 536 984 582 (Harv.
1017 536 1099 575 Ner
1130 544 1258 576 (lustr.
1292 539 1367 578 lab.
1401 540 1551 589 XLIV.)

1602 504 1610 524 7

192 647 357 685 Frondes
395 659 413 685 a
453 649 577 698 stipite
615 654 774 698 surgunt
804 655 983 701 cuneatae,
1017 652 1123 689 initio
1165 655 1414 706 angustiores,
1454 656 1609 695 demum

81 714 160 751 latre
193 718 230 751 et
261 715 340 753 sere
373 716 408 753 in
441 716 672 754 semiorbem
719 730 903 768 expansae,
936 718 1151 757 flabellatim
1183 721 1374 760 multifida»
1404 725 1609 771 segmentis

82 782 225 820 lobatis.
299 786 407 821 Venae
452 784 585 832 stipitis
631 786 667 822 in
711 797 829 823 unum
876 787 955 824 fere
1000 788 1210 834 conjunctae
1250 792 1288 826 et
1328 791 1433 837 qnasi
1466 796 1606 830 costam

81 851 299 901 formantes,
331 852 468 889 exinde
501 852 702 903 radianteS,
741 854 882 891 sensim
913 858 1136 903 separantur
1167 857 1491 904 longitudinaliter
1521 870 1609 897 vcr—

77 930 139 956 sus
182 919 448 968 peripheriam,
494 923 531 956 et
574 931 593 956 a
638 920 766 957 medio
810 923 993 968 segmenti
1040 924 1221 960 arcuatim
1261 935 1388 963 versus
1418 925 1608 974 margines

78 990 332 1035 excurrentes,
374 986 600 1024 dicliotomae
641 991 678 1024 et
720 989 1025 1027 anastomosibus
1065 991 1217 1041 Junctse,
1261 993 1297 1030 in
1343 993 1466 1041 planta
1498 994 1606 1031 senili

77 1054 283 1102 conspicue
315 1053 479 1104 elevatae‚
512 1053 709 1092 interstitia
742 1055 919 1105 depressa
938 1057 1097 1096 sorifera
1125 1059 1349 1098 ambientes.
1380 1061 1462 1098 Sori
1482 1061 1606 1110 itaque

76 1121 180 1170 quasi
214 1121 313 1158 inter
342 1132 455 1159 venas
488 1122 684 1173 exsculpti,
714 1124 1092 1163 flexuoso—lineares.
1159 1127 1332 1165 Coccidia
1366 1127 1465 1165 inter
1495 1138 1607 1166 venas

77 1187 370 1235 longitudinales
400 1188 595 1240 disposita,
625 1189 845 1228 subseriata.

186 1291 335 1328 Cellulae
373 1291 411 1328 in
454 1290 637 1330 inferiore
677 1296 782 1340 parte
823 1293 969 1331 frondis
1008 1294 1169 1344 duplicis
1201 1297 1370 1347 generis3
1402 1297 1606 1337 interiores

76 1357 265 1409 oblongoe,
308 1358 517 1408 parietibus
561 1359 828 1411 subssexuosis,
867 1362 1032 1409 granulis
1072 1374 1172 1412 saepe
1210 1364 1353 1414 farctoe3
1398 1367 1606 1405 exteriores

76 1425 373 1463 endocliromate
405 1427 574 1464 colorato
605 1426 723 1465 ssuido
755 1429 921 1480 repletae,
951 1429 1069 1478 magis
1100 1430 1240 1469 cubicae
1272 1437 1311 1470 et
1341 1433 1604 1481 longitudinm-

75 1493 160 1530 liter
204 1496 241 1530 et
286 1494 511 1532 verticaliter
555 1494 784 1534 subseriatae.
855 1498 893 1533 In
939 1498 1140 1546 superiore
1187 1499 1336 1550 fronde,
1373 1501 1603 1541 differrentia

76 1561 295 1598 cellularum
333 1562 456 1600 minus
488 1563 712 1613 conspicua,
744 1563 880 1602 extima
912 1565 1047 1603 lamina
1080 1566 1219 1615 duplici
1251 1569 1350 1606 serie
1382 1569 1603 1609 cellularum

76 1629 275 1666 constituta
308 1629 465 1668 videtur.

185 1731 359 1769 Coccidia
391 1732 530 1780 (saltim
558 1716 733 1782 juniora)
766 1735 801 1772 in
835 1739 993 1786 utraque
1026 1738 1158 1787 pagina
1192 1739 1423 1790 prominent,
1440 1743 1603 1778 attamen

76 1798 206 1836 latiora
244 1810 357 1848 quam
394 1802 552 1851 elevata3
598 1802 851 1852 Pericarpium
884 1816 1050 1843 crassum
1082 1819 1100 1844 a
1133 1807 1277 1844 cellulis
1308 1807 1502 1856 utriusque
1534 1820 1603 1857 pa-

75 1865 169 1914 ginae
213 1868 331 1916 magis
376 1869 536 1906 evolutis
582 1873 744 1919 constat,
791 1872 933 1910 cellulae
971 1873 1174 1912 interiores
1204 1875 1403 1913 densiores
1434 1875 1603 1913 subcon-

75 1935 241 1973 centrice
273 1936 369 1973 circa
402 1947 559 1974 vacuum
590 1941 788 1986 angustum
820 1939 1028 1990 dispositae3
1054 1942 1264 1979 exteriores
1281 1943 1397 1980 abluis
1416 1943 1603 1980 radiantes

75 2004 356 2051 rectangulares
386 2004 564 2051 majores.
631 2006 802 2044 l'lacenta
844 2008 987 2056 paginae
1029 2009 1174 2047 frondis
1216 2011 1394 2059 parallela
1425 2014 1462 2047 et
1491 2021 1604 2058 supra

74 2069 180 2108 basin
218 2071 290 2108 late
321 2082 497 2123 expansa,
529 2073 587 2109 lila
626 2073 903 2121 gemmidiifera
940 2087 1249 2125 quoquoversum
1281 2079 1468 2116 emittens.
1528 2078 1603 2115 Fila

75 2149 92 2174 a
137 2138 306 2187 placenta
345 2139 627 2188 hemisphaerica
672 2140 751 2178 fere
795 2142 991 2193 radiantia,
1033 2144 1225 2183 articulata
1257 2145 1424 2183 articulis
1456 2144 1602 2182 inferne

75 2205 461 2256 subeoalescentibus,
491 2219 655 2256 superne
687 2209 848 2247 invicem
888 2210 1017 2260 libera,
1059 2212 1421 2261 ramoso-fastigiata
1454 2212 1602 2249 clavata.

75 2273 282 2310 Gemmidia
315 2274 560 2312 articulorum
593 2276 847 2315 terminalium
880 2279 1110 2327 praecociora
1141 2280 1487 2330 clavato-obovata,
1516 2290 1603 2316 ma-

76 2342 156 2378 tura
186 2341 304 2389 magis
336 2341 519 2392 oblonga;
562 2344 709 2381 articuli
740 2344 943 2383 inferiores
973 2358 1042 2383 suo
1075 2347 1212 2384 ordine
1244 2350 1479 2396 praegnantes
1510 2356 1601 2383 eva-

74 2405 166 2443 dere
204 2407 389 2447 videntur.
454 2410 535 2448 Sori
574 2412 689 2460 spatia
728 2412 827 2449 inter
858 2423 975 2451 venas
1008 2415 1168 2452 elevatas
1199 2415 1376 2463 depressa
1409 2418 1446 2451 et
1474 2415 1602 2463 pellu-

76 2472 219 2511 cidiora
258 2480 504 2526 occupantes3
542 2478 812 2527 spliferosporae
851 2480 945 2517 infra
977 2481 1129 2519 cellulas
1161 2482 1356 2530 utriusque
1387 2481 1602 2531 superficiei

76 2540 220 2589 singula
251 2542 348 2579 serie
379 2543 581 2594 dispositae,
613 2546 778 2596 minutae,
810 2547 994 2595 triangulo
1026 2548 1163 2587 divisae.

187 2646 311 2681 Genus
342 2643 446 2682 venis
477 2645 692 2694 conspicuis
722 2648 874 2685 elevatis
904 2652 941 2685 ct
970 2649 1350 2700 anastomosantibus,
1382 2651 1600 2700 ferensque

77 2710 120 2748 ad
153 2711 341 2759 margines
385 2712 625 2763 continuatis,
655 2713 974 2767 dignoscendum,
1021 2720 1206 2754 structura
1236 2717 1384 2756 frondis
1414 2718 1458 2755 ad
1490 2719 1600 2757 Nito-

76 2779 197 2827 phylla
235 2782 294 2828 (N.
334 2780 470 2827 llilliae]
501 2780 674 2829 proxime
713 2783 869 2833 accedit,
899 2786 935 2820 at
964 2784 1178 2834 pericarpio
1208 2795 1333 2822 crasso
1365 2784 1601 2834 distinctum,

77 2857 153 2894 quo
193 2847 408 2885 charactere
452 2850 757 2897 Botryoglossum
797 2851 853 2888 vix
892 2852 1047 2904 recedit,
1078 2856 1113 2891 at
1144 2853 1180 2891 in
1212 2854 1283 2891 hoc
1313 2863 1415 2892 venae
1446 2853 1601 2891 deside-

76 2917 206 2951 rantur
235 2918 272 2952 et
301 2916 405 2954 frons
435 2917 561 2966 potius
591 2921 729 2957 costata
761 2918 909 2957 dieitur.

205 2979 242 3011 11.
1429 2984 1471 3018 41»
