1895 3208
247 157 340 197 630
823 150 1211 192 Spnienococcomm.
1547 145 1780 192 Dicnrella.

358 289 500 339 Duplici
541 289 603 324 aut
645 282 853 333 subtriplici
898 284 1014 320 strato
1058 283 1240 320 contextae
1272 285 1368 321 sunt.
1428 286 1588 322 Stratum
1622 282 1781 320 interius

248 359 428 398 nimirum
470 356 506 393 in
546 354 602 391 axi
644 352 811 402 densius,
853 350 1000 388 cellulis
1043 350 1325 398 angustioribus
1364 354 1402 388 et
1439 351 1557 400 magis
1597 350 1782 399 elongatis

249 430 425 463 caeterum
457 434 547 460 vero
580 419 767 459 similibus
791 419 1325 468 coustitutum,peripberiam
1343 429 1472 457 versus
1493 420 1622 470 laxius,
1639 419 1783 457 cellulis

248 491 443 530 latioribus
475 494 512 527 et
541 489 658 537 magis
698 487 921 536 rotundatiS,
953 487 1207 525 exterioribus
1238 487 1460 525 minoribus.
1520 491 1679 525 Stratum
1710 499 1783 536 pe-

249 558 480 607 ripbericum
526 557 671 596 cellulis
711 556 1011 593 endocbromate
1056 555 1247 604 coloratis7
1284 555 1534 606 venientibus,
1573 555 1785 594 rotundatis

248 626 419 676 minutis,
449 625 683 674 subsimplici
717 624 816 661 serie
847 623 1054 673 dispositis,
1086 626 1244 660 constat.

361 693 535 731 Coccidia
575 693 633 739 (iu
674 703 746 730 una
786 692 913 741 specie
945 703 962 728 a
995 703 1056 728 me
1088 690 1304 738 observata)
1337 692 1372 729 in
1405 690 1586 729 teretibus
1619 692 1786 729 circum-

251 763 362 812 circa,
394 762 431 799 in
464 761 692 810 compressis
725 764 761 796 et
792 760 912 809 planis
945 758 989 796 ad
1022 757 1213 806 margines
1244 759 1401 810 sessilia7
1432 770 1502 808 pro
1526 759 1787 807 magnitudine

250 832 463 880 plantarum
495 840 643 879 magna,
676 830 755 866 fere
787 828 979 877 splnerica,
1010 827 1164 865 demum
1197 827 1452 876 carpostomio
1484 830 1623 876 aperta.
1679 827 1787 865 Peri-

253 899 421 948 carpium
463 908 631 935 crassum
670 897 812 946 duplici
852 899 967 933 strato
1014 899 1179 933 constat:
1226 895 1417 933 miei-iore
1449 895 1594 932 cellulis
1627 894 1790 944 rudinus,

252 966 436 1004 interiore
476 965 621 1003 cellulis
661 964 904 1003 concentrice
947 963 1138 1012 dispositis
1168 963 1389 1000 rotundatis.
1450 964 1619 1001 l’lacenta
1651 966 1791 1000 rotun-

253 1034 351 1084 datu,
382 1034 538 1084 elevata,
570 1044 715 1081 magna.
776 1031 988 1069 Gemmidia
1020 1031 1055 1068 in
1089 1031 1157 1068 iilis
1188 1043 1206 1068 a
1239 1030 1410 1079 placenta
1443 1030 1674 1068 radiantibus
1698 1028 1791 1066 sub-

254 1101 752 1140 clavato-moniliformibus
771 1099 1149 1146 ramoso-fastigiatis
1167 1099 1387 1149 nidulantia,
1404 1099 1623 1148 rotundam
1643 1099 1792 1136 filorum

255 1170 467 1209 terminalia
499 1168 871 1215 obovato-oblouga.

365 1238 641 1287 Spluerosporae
684 1237 742 1281 (in
782 1237 900 1274 tribus
939 1235 1138 1286 ¹speciebus
1176 1247 1193 1272 a
1233 1246 1294 1272 me
1334 1234 1560 1283 observatae)
1600 1235 1634 1272 iu
1677 1237 1793 1273 strato

256 1307 437 1346 exteriori
471 1305 615 1344 frondis
648 1305 753 1343 valde
786 1305 938 1342 evoluto
971 1309 1004 1340 et
1039 1305 1075 1341 iu
1109 1305 1166 1341 lila
1198 1303 1643 1340 clavato-moniliformia
1669 1306 1794 1341 trans-

255 1378 414 1425 mutato,
451 1375 617 1412 maculas
656 1377 719 1410 aut
757 1383 932 1410 verrucas
965 1373 1192 1420 irregulares
1225 1372 1260 1410 in
1292 1372 1492 1421 superficie
1525 1371 1670 1410 frondis
1701 1383 1796 1421 pro-

258 1445 474 1483 eminentes
507 1443 709 1492 formante‚
741 1441 969 1490 nidulantes‚
1002 1440 1189 1490 oblongae,
1220 1441 1381 1479 zonatim
1414 1441 1553 1478 divism.

371 1510 523 1562 Species
542 1511 650 1558 liujus
670 1510 835 1559 generis,
854 1522 922 1559 pro
943 1511 1063 1547 forma
1083 1509 1227 1547 frondis
1245 1510 1345 1547 inter
1363 1509 1572 1558 Gigartinas
1589 1512 1652 1547 aut
1668 1509 1796 1547 Cbou—

260 1581 351 1619 dros
383 1584 490 1618 antea
525 1583 708 1628 receptas,
743 1578 905 1627 primum
938 1578 1149 1616 macilariae
1173 1577 1556 1627 adimmeravi70ujus
1572 1579 1797 1616 structuram

262 1651 342 1687 fere
374 1649 608 1687 minutantur.
652 1647 743 1685 boin
776 1647 1022 1684 nematbeciis
1055 1647 1091 1683 in
1124 1649 1183 1686 Gr.
1218 1646 1364 1695 repenti
1397 1646 1555 1683 detectis
1574 1648 1798 1694 etsuspecta

260 1719 610 1768 spboerosporarum
643 1715 908 1753 convenientia
942 1714 978 1751 in
1012 1714 1221 1760 Dicurellis,
1258 1713 1484 1751 divisionem
1523 1713 1673 1762 generis
1704 1715 1800 1750 Gra-

262 1786 399 1825 cilariae
416 1784 579 1834 suscepi,
609 1784 755 1833 species
788 1783 982 1821 Dicurellae
1015 1794 1087 1820 una
1119 1793 1204 1820 cum
1237 1783 1417 1832 Faucliea,
1437 1782 1627 1830 inquibus
1659 1785 1799 1821 Nema-

264 1854 385 1892 lliecia
415 1853 549 1890 adesse
580 1852 789 1901 suspicatus
821 1862 917 1901 sum,
949 1851 992 1888 ad
1025 1854 1151 1888 Genus
1184 1851 1466 1897 liiitzingianum
1486 1850 1676 1897 Pbyllotyli
1697 1848 1801 1898 (Spb.

261 1920 615 1965 membranifolius)
656 1921 900 1958 transferens.
968 1920 1038 1956 Sed
1078 1919 1192 1957 bodie
1235 1918 1416 1957 fructibus
1459 1919 1495 1955 in
1538 1918 1591 1955 bis
1624 1917 1800 1956 omnibus

263 1990 437 2042 detectis,
475 1994 512 2027 et
553 1989 674 2026 fructu
718 1989 901 2038 capsulari
940 1988 1150 2025 accuratius
1191 1988 1378 2037 indagato,
1417 1990 1598 2036 quantum
1639 1986 1800 2023 invicem

264 2059 451 2111 differant,
493 2059 601 2096 facile
635 2057 757 2095 video.
817 2060 1073 2104 llarveyanum
1105 2056 1230 2105 itaque
1262 2059 1388 2093 Genus
1420 2055 1628 2105 llicm‘ellae,
1658 2054 1802 2092 duabus

265 2130 398 2166 saltem
430 2127 582 2177 generis
613 2125 814 2175 speciebus
848 2126 1064 2175 formatum,
1096 2124 1271 2162 lubenter
1287 2123 1476 2173 adoptavi.
1508 2123 1609 2172 Apud
1628 2126 1802 2160 auctores

266 2200 444 2235 caeterum
475 2195 623 2244 species
656 2194 692 2230 in
725 2193 838 2240 louge
871 2193 1029 2230 diversis
1061 2192 1265 2240 generibus
1299 2192 1505 2230 distributse
1536 2193 1701 2230 fuerunt.

377 2266 504 2301 Genus
542 2261 682 2310 babitu⁷
720 2261 900 2298 coccidiis
938 2265 975 2298 et
1014 2261 1092 2297 fere
1129 2264 1315 2298 structura
1347 2259 1557 2298 Gracilariae
1589 2259 1801 2309 proximum

268 2332 474 2382 videretur,
505 2334 541 2367 at
569 2329 843 2380 spbzerosporis
873 2330 1038 2367 zonatim
1069 2329 1197 2366 divisis
1229 2332 1266 2365 et
1297 2329 1333 2365 in
1365 2329 1613 2366 nematbeciis
1645 2329 1804 2365 evolutis

267 2402 391 2439 statim
422 2398 745 2448 distinguendum.
806 2397 1092 2436 Cbaracteribus
1130 2394 1323 2435 nonnullis
1360 2397 1405 2434 ad
1445 2400 1634 2446 llypneam
1667 2395 1804 2443 tendit3

269 2473 453 2507 structura
493 2479 581 2506 vero
624 2470 766 2505 fructus
805 2466 1010 2516 capsularis
1047 2467 1092 2504 ab
1132 2467 1202 2503 boc
1244 2467 1357 2513 longe
1389 2465 1580 2503 dix-orsum
1612 2468 1648 2501 et
1679 2463 1804 2500 babitu

272 2537 415 2575 facilius
447 2535 764 2585 dignoscendum.
824 2539 916 2572 Cum
947 2537 1242 2583 'l'rematocarpo
1275 2533 1456 2582 Kiitzingii
1490 2534 1614 2570 forsan
1647 2541 1803 2568 accura-

271 2607 343 2643 tius
375 2605 688 2655 comparandum.

381 2674 534 2724 Species
567 2685 700 2712 onmes
732 2684 834 2711 mare
866 2673 1028 2710 australe
1061 2670 1280 2721 inhabitant,
1312 2670 1356 2708 ad
1388 2672 1504 2718 Caput
1534 2667 1567 2705 b.
1599 2665 1684 2715 spei
1716 2665 1804 2713 plu-

275 2743 390 2793 rimae,
422 2753 494 2779 una
525 2743 697 2780 Oceanioe
730 2742 865 2779 incola.

281 2878 309 2914 l.
341 2881 414 2917 Dic.
448 2886 603 2916 FltAGlLlS
641 2877 727 2925 (Ay.
768 2877 832 2924 Sp.
872 2874 955 2923 Alq.
995 2885 1032 2922 p.
1071 2871 1169 2917 253)
1204 2871 1337 2909 fronde
1369 2868 1608 2908 teretiuscula
1640 2877 1805 2916 superne

386 2955 517 2993 parum
557 2955 774 2993 compressa
812 2941 1260 2989 dicliotomo-fastigiata,
1299 2936 1504 2986 segmentis
1535 2945 1647 2983 supra
1679 2934 1805 2971 axillas
