1895 3208
285 158 310 197 4
319 158 378 197 44
929 151 1173 195 nimios-az.
1623 152 1818 211 Hypaea.

374 287 513 329 llypnea
549 287 755 327 nigrescens
787 283 892 318 Grev.
929 291 1039 318 mser.
1073 283 1110 316 in
1140 281 1200 316 Hb.
1234 281 1409 317 Hoolceri!
1441 281 1475 316 J.
1502 281 1561 328 Ay.
1587 284 1660 328 Aly.
1687 283 1817 319 Liebm.

273 355 308 388 p.
338 345 377 378 14
404 345 440 377 in
466 343 539 377 Act.
565 343 676 378 Holm.
708 343 807 376 4847.
835 335 975 386 O'fvers.

371 402 485 435 Fucus
512 402 723 436 Hamulosus
750 401 832 445 Esp.
859 400 943 434 Fue.
971 400 1040 434 tab.
1068 398 1261 434 LXXXIX?
1286 401 1374 442 (non
1405 399 1531 444 Turn.)

371 459 525 502 Hypnaea
553 461 752 494 chordacea
779 459 882 494 muz.
908 458 965 503 Sp.
994 460 1065 503 Alq.
1089 470 1124 503 p.
1151 459 1242 493 760?

388 520 477 558 Hal).
508 520 546 558 in
578 531 725 559 oceano
757 521 887 558 Indico
919 520 964 558 ad
998 532 1084 557 oras
1116 519 1371 558 nindostaniae
1404 519 1596 567 (Wiglitl).

371 587 544 628 (Iaespites
583 586 681 619 densi
722 587 865 620 circiter
904 586 1150 629 tripollicares,
1190 586 1295 618 ramis
1334 585 1482 625 singuiis
1509 587 1606 618 extra
1636 587 1818 628 caespitem

277 653 499 678 communem
527 646 583 678 vix
611 644 887 685 emergentibus.
937 644 1093 677 Frondes
1127 645 1266 677 steriles
1294 644 1466 677 distanter
1492 644 1633 686 ramosi,
1660 645 1819 684 virgat-im

279 704 456 746 ramulosi,
484 704 627 736 ramulis
654 712 941 745 quoquoversum
968 703 1244 746 egredientibus,
1273 703 1402 735 lineam
1429 703 1571 735 circiter
1593 702 1819 744 distantibus,

276 762 532 805 fusisormibus,
559 762 634 794 basi
661 762 817 804 brevius,
845 762 944 803 apice
973 761 1074 802 longe
1102 762 1302 803 attenuatis,
1329 760 1550 802 simplicibus
1566 760 1703 802 lineam,
1719 769 1819 792 com-

275 822 402 862 positis
428 821 547 862 plures
573 821 683 853 lineas
711 821 836 863 longis,
863 821 991 853 eximie
1017 820 1235 861 patentibus.
1287 819 1320 853 ln
1349 819 1471 852 fronde
1497 818 1670 861 sporisera
1695 821 1818 852 ramuli

276 879 456 912 sterilibus
497 878 709 920 conformes,
749 887 854 921 supra
879 878 1003 910 basem
1031 879 1262 911 constrictam
1290 887 1371 910 mox
1397 879 1688 920 intumescentes,
1717 879 1815 920 apice

276 937 464 979 aliquando
504 937 687 980 obtusiori,
727 940 762 969 et
799 937 986 978 superficie
1026 938 1138 978 magis
1172 937 1350 978 inaequali.
1399 936 1434 968 ln
1459 936 1579 978 planta
1606 936 1817 977 capsulisera

276 996 400 1028 ramuli
440 996 800 1039 (1113113310-1331031,
840 997 878 1027 ut
915 995 948 1027 in
989 995 1066 1027 aliis
1106 1003 1246 1037 quoque
1285 994 1474 1036 speciebus
1502 1002 1578 1026 mos
1605 996 1670 1037 est,
1699 998 1818 1036 cyste—

276 1055 395 1095 carpia
423 1054 578 1086 lateralia
605 1054 741 1094 singula
768 1056 827 1085 aut
854 1062 932 1085 1310
959 1053 1059 1095 111313
1086 1056 1261 1095 gerentes,
1289 1052 1450 1093 apicibus
1479 1052 1702 1085 ramellorum
1718 1052 1818 1084 diva-

276 1112 395 1144 ricatis
421 1112 536 1145 minus
564 1113 688 1145 acutis.
718 1112 820 1144 Color
847 1111 1055 1144 madefactae
1082 1120 1357 1154 purpurascenS,
1384 1120 1481 1153 333113
1508 1113 1541 1144 13
1565 1113 1670 1144 1311113
1688 1113 1816 1155 virens,

276 1170 421 1203 ramulis
446 1172 647 1214 purpureis,
674 1172 866 1203 exsiccatae
894 1172 1113 1211 nigrescens.
1164 1170 1366 1202 Substantia
1394 1169 1504 1210 rigida
1531 1170 1641 1203 firma.
1679 1169 1817 1203 Crassi-

275 1230 342 1260 ties
370 1237 546 1261 ramorum
575 1228 646 1261 scre
674 1237 801 1270 pennae
827 1230 1036 1271 passerinae.

368 1288 515 1328 Species
554 1288 636 1320 mihi
663 1288 801 1320 videtur
834 1288 1115 1331 distinctissime,
1142 1288 1233 1321 inter
1259 1287 1297 1320 H.
1325 1286 1589 1320 muscisormem
1617 1289 1652 1319 et
1676 1290 1817 1330 species

275 1345 456 1386 elongatas
494 1347 691 1388 spicigeras
731 1346 991 1389 quodammodo
1025 1347 1245 1379 intermedia.
1295 1346 1482 1388 Rigiditate
1509 1349 1545 1379 et
1569 1347 1733 1380 firmitate
1760 1357 1818 1381 ra-

274 1404 447 1437 mulorum
486 1405 655 1447 plurimas
698 1408 853 1447 superat.
917 1404 950 1437 Si
989 1404 1104 1438 Fucus
1143 1405 1348 1438 hamulosus
1387 1405 1509 1446 Esperi
1549 1404 1590 1437 ad
1639 1404 1818 1448 Hypneam

275 1472 396 1495 revera
433 1464 619 1507 pertineat,
658 1464 701 1497 ad
740 1466 955 1506 praesentem
994 1465 1151 1506 speciem
1189 1464 1286 1497 illurn
1321 1463 1452 1497 1313113
1479 1463 1571 1497 haud
1600 1463 1817 1508 dubitarem,

275 1522 420 1555 dubium
451 1532 533 1556 vero
559 1524 642 1556 311111
670 1523 807 1556 videtur
846 1532 936 1556 311113
962 1523 1081 1564 potius
1108 1522 1320 1566 Cystoseirze
1348 1522 1541 1564 fragmenta
1568 1524 1816 1564 representare,

274 1583 474 1614 censeatur.
524 1581 607 1624 Nec,
641 1582 669 1613 si
703 1583 795 1614 iconi
823 1581 910 1614 tides
936 1580 1118 1623 habeatur,
1146 1580 1261 1614 Fucus
1287 1580 1453 1614 Valentioe
1480 1580 1625 1613 Turneri
1652 1591 1670 1614 a
1697 1583 1817 1615 nostra

274 1641 395 1680 specie
422 1640 569 1673 multum
596 1638 764 1672 abludere
791 1639 873 1672 mihi
902 1639 1056 1681 videtur,
1091 1639 1198 1682 color,
1234 1641 1290 1672 cni
1317 1641 1453 1672 tantum
1480 1640 1620 1672 innixus
1649 1641 1704 1672 est
1728 1639 1817 1673 Tur-

274 1706 390 1740 113133,
431 1699 465 1730 in
505 1701 627 1731 nostra
664 1698 773 1740 idem,
814 1699 995 1731 exsiccata
1034 1707 1115 1731 vero
1142 1701 1262 1732 nostra
1291 1702 1345 1731 est
1371 1700 1512 1732 0111111110
1539 1701 1650 1740 nigra.
1701 1699 1815 1733 Fucus

274 1755 442 1789 Valentiae
470 1765 552 1789 ver-o
579 1766 622 1789 ex
650 1757 814 1799 opinione
843 1758 1080 1790 recentiorum
1107 1758 1210 1790 aliam
1237 1758 1394 1800 speciem
1423 1766 1544 1790 revera
1571 1759 1721 1800 spectat.

367 1813 500 1848 Nomen
527 1815 689 1848 Grevillei
715 1815 906 1859 11110111133,
935 1815 1017 1848 131111
1043 1815 1171 1859 dubiis,
1199 1817 1399 1858 anteposui.

274 1919 309 1956 5.
341 1922 380 1957 ΙΙ.
412 1928 552 1957 1131111111
586 1919 726 1964 [Marc.
758 1921 898 1965 mser.)
933 1920 1106 1967 elongata
1125 1919 1393 1969 corymbifera,
1412 1920 1524 1957 ramis
1543 1919 1815 1967 corymborum

385 1986 761 2034 vii-gato-ramulosis
799 1986 906 2035 apice
945 1987 1060 2034 longe
1099 1986 1287 2035 producto
1331 1990 1437 2024 recto
1469 1987 1717 2038 nudiusculis,
1750 2001 1814 2027 13-

384 2053 497 2091 mulis
536 2064 848 2102 quoquoversum
882 2053 1169 2102 egredientibus
1212 2055 1428 2104 patentibus
1473 2055 1553 2094 basi
1602 2058 1813 2094 ramellosis

383 2122 539 2159 demum
572 2122 750 2170 utrinque
782 2122 997 2171 attenuatis,
1029 2121 1228 2170 spol-iteris
1259 2122 1522 2160 conformibus
1554 2135 1667 2173 supra
1685 2124 1814 2162 basem

382 2192 613 2226 attenuatam
646 2201 732 2226 mox
765 2189 952 2226 fertilibus
985 2189 1212 2238 incrassatis,
1244 2190 1494 2239 capsuliseris.
1528 2221 1535 2228 .
1570 2224 1577 2231 .

364 2267 480 2300 Fucns
508 2268 663 2299 armatus
690 2264 796 2300 Mert.
824 2275 932 2299 mser.
960 2267 996 2300 in.
1023 2265 1115 2300 Mus.
1143 2266 1269 2301 Paris!

366 2326 648 2368 SDbaeFOCOOCUS
675 2324 915 2358 muscisormis
942 2337 975 2369 y.
1005 2328 1160 2359 armatus
1187 2325 1246 2369 Ay.
1270 2325 1328 2369 Sp.
1355 2325 1426 2371 My.
1453 2325 1480 2359 I.
1504 2335 1539 2369 p.
1566 2327 1650 2360 328!

365 2384 479 2417 Fucus
507 2393 694 2417 muscosus
720 2382 891 2417 Lamour.
917 2393 1026 2417 mser.
1053 2385 1090 2418 in
1117 2382 1211 2417 Mem.
1237 2384 1352 2421 Paris.

366 2442 508 2485 Hypnea
533 2443 741 2476 fruticulosa
767 2441 869 2475 Ji'atz.
895 2441 952 2485 Sp.
979 2442 1050 2486 Alq.
1075 2453 1109 2485 p.
1144 2443 1225 2475 760!

382 2513 470 2551 llab.
503 2513 547 2551 ad
580 2516 666 2562 Cap.
700 2514 736 2550 b.
768 2514 853 2563 Spei
887 2513 1020 2557 (Kulill
1055 2514 1233 2562 Pappel).

366 2590 519 2623 Frondes
535 2589 782 2632 semipedales,
810 2598 827 2622 a
857 2590 961 2631 plexu
980 2589 1110 2623 fibroso
1139 2590 1281 2623 rusticali
1298 2592 1495 2634 surgentes,
1511 2591 1644 2623 inferne
1661 2591 1809 2624 nudius-

271 2649 360 2681 culae
388 2649 447 2680 aut
473 2649 578 2680 ramis
606 2647 799 2689 majoribus
826 2648 999 2681 distanter
1026 2649 1165 2691 obsitae,
1192 2658 1346 2692 superne
1368 2650 1510 2683 densius
1529 2659 1687 2692 ramosae,
1706 2653 1809 2683 ramis

270 2707 488 2749 patentibus,
524 2706 750 2739 inferioribus
785 2708 1015 2750 prolongatis,
1050 2709 1292 2749 superioribus
1319 2709 1552 2750 brevioribus,
1579 2709 1808 2750 pyramidata·

271 2767 330 2796 ant
355 2766 487 2806 Scopius
516 2765 748 2806 coryinbosie.
777 2765 872 2798 Romi
901 2767 1104 2808 superiores
1121 2767 1271 2808 majores
1288 2768 1596 2809 lnfss-pollicares,
1613 2768 1807 2801 minoribus-

271 2823 382 2864 mixti,
410 2823 621 2855 densissime
648 2824 986 2867 virgato-ramnlosi,
1021 2826 1163 2858 ramulis
1191 2826 1317 2859 mediis
1343 2826 1446 2867 paulo
1473 2824 1703 2868 longioribus,
1736 2826 1807 2858 sere

273 2878 482 2923 susil'ormes,
511 2881 611 2921 apice
638 2883 770 2924 saepius
798 2882 960 2922 elongato
989 2885 1023 2915 et
1050 2884 1264 2917 rectiusculo
1291 2885 1496 2925 plerumque
1522 2883 1618 2915 nudi.
1674 2883 1806 2916 Bainuli

272 2936 487 2980 conformes,
530 2937 753 2972 2-4-lineas
792 2940 905 2985 longi,
940 2940 1116 2981 juveniles
1158 2941 1328 2985 subulati,
1365 2941 1472 2975 adulti
1511 2940 1586 2974 basi
1626 2942 1806 2984 paululum
