1895 3208
231 171 324 210 588
791 162 1175 203 Srnffliio‹:‹›ccoinrffi.
1501 154 1762 199 Gracz'laria.

323 297 476 330 Frondes
504 304 521 327 a
548 295 624 327 basi
657 294 794 326 scutata
831 293 961 336 plures,
988 292 1218 333 cz-pollicares
1246 291 1305 323 aut
1329 290 1576 332 pluripedales,
1602 290 1762 321 crassitie

231 365 354 400 pennae
381 354 573 396 Isiasserinae
603 354 662 385 aut
687 351 923 384 columbinam
949 352 1170 392 superantes,
1204 349 1408 391 plerumque
1434 349 1595 381 indivisae
1621 347 1685 380 sed
1710 347 1763 379 la-

230 415 384 448 teraliter
422 412 526 443 ramis
564 410 702 453 obsitae,
740 411 840 451 parte
875 409 1059 450 superiore
1086 407 1273 449 denudata,
1301 408 1406 439 ramis
1433 406 1617 439 conformi.
1667 405 1764 437 Rami

232 472 412 506 interiores
446 469 588 501 ramulis
624 468 739 509 obsiti,
767 469 969 510 superiores
996 466 1175 508 simplices
1202 465 1344 497 ramulis
1372 464 1582 498 conformes.
1631 463 1765 496 Ramuli

231 532 308 572 plus
348 529 462 560 minus
500 527 663 570 elongati,
702 527 834 568 saepius
872 525 1067 566 longissimi
1094 523 1365 565 flagelliformes‚
1394 523 1555 564 utrinque
1582 523 1764 555 attenuati.

232 588 326 621 Rami
365 586 560 628 ramulique
598 585 837 625 irregulariter
875 582 1071 615 secundati.
1133 581 1297 613 Caecidia
1335 581 1368 613 in
1408 581 1513 613 ramis
1552 582 1586 612 et
1624 581 1765 613 ramulis

232 646 439 687 (elongatis)
478 644 778 685 numerosissima,
816 640 1098 683 hemisphaerica,
1139 639 1375 680 carpostomio
1403 639 1459 670 vix
1486 639 1665 680 protracto
1691 647 1767 671 ma-

231 705 373 747 millata,
412 703 621 736 diametrum
653 701 792 733 -frondis
831 700 1018 742 aequantia.
1078 697 1342 740 Spbaerosporae
1380 698 1415 729 in
1448 697 1588 751 ramul'is
1617 697 1767 739 [abbre-

232 763 353 802 viatis)
390 761 596 794 incrassatis
630 761 665 791 at
701 758 922 791 lilisormibus
959 757 1120 799 plurimae
1146 755 1320 796 oblongae.
1370 753 1570 787 Substantia
1598 763 1768 787 carnoso-

233 820 528 860 suhcartilaginea
556 821 615 851 aut
641 817 923 849 membranacea.
974 815 1075 847 Color
1098 822 1374 856 purpurascens.

326 879 446 912 Planta
480 878 556 909 sine
591 876 697 909 dubio
731 876 878 907 multum
905 876 1061 916 varians,
1086 873 1150 906 sed
1175 873 1335 915 plurimae
1375 872 1561 904 varietates
1603 869 1647 902 ad
1685 879 1769 911 spe-

234 939 362 971 cimina
400 945 535 978 manca,
574 944 642 967 non
681 942 758 966 raro
798 933 840 965 ad
879 933 964 965 alias
990 932 1129 974 speeies
1155 931 1378 973 pertinentia,
1405 930 1610 972 propositae.
1663 927 1708 960 lta
1736 929 1769 960 in

234 996 413 1030 Herbariis
441 995 551 1035 magis
578 992 814 1035 multiformis,
841 1000 944 1034 quam
971 992 1005 1023 in
1032 992 1156 1022 natura
1183 989 1333 1022 varians.
1385 988 1509 1027 Quoad
1537 986 1770 1021 substantiam

235 1056 365 1097 duplex
391 1053 492 1087 adest
518 1052 639 1095 forma,
667 1059 733 1083 una
760 1050 832 1082 lere
860 1048 1128 1080 membranacea
1156 1047 1188 1079 in
1217 1046 1351 1079 limosis
1377 1045 1475 1078 vadis
1501 1045 1706 1087 obveniens,
1734 1046 1771 1076 ut

235 1114 422 1155 plurimum
450 1111 671 1152 longissima,
699 1109 807 1141 altera
835 1107 905 1139 sere
933 1106 1172 1148 cartilaginea,
1199 1106 1309 1145 magis
1338 1106 1500 1146 patenter
1515 1103 1771 1146 carnosagbaec

235 1171 347 1203 forma
373 1170 485 1210 magis
513 1168 676 1211 borealis,
704 1166 851 1199 fundum
878 1165 1075 1207 lapidosum
1103 1172 1237 1196 amans.

329 1228 448 1261 Planta
489 1227 642 1268 obvenit,
681 1227 714 1258 ni
753 1225 853 1257 fallor
890 1225 1100 1265 monstrosa,
1139 1222 1295 1254 verrucis
1321 1221 1542 1263 pedioellatis
1569 1220 1772 1254 lateralibus

237 1288 362 1321 obsita.
426 1286 588 1318 Verrucae
627 1284 695 1317 illa}
734 1282 878 1316 ramulis
921 1280 1184 1321 divergentibus
1219 1280 1437 1312 brevissimis
1466 1281 1641 1312 constant.
1690 1279 1773 1312 Haec

240 1348 361 1386 forma,
388 1344 539 1376 Venetiis
565 1343 668 1385 lecta,
695 1343 727 1374 in
756 1340 858 1373 Ilerb.
886 1339 1036 1380 Agardbi
1065 1339 1108 1371 ad
1134 1338 1216 1381 Spb.
1243 1338 1483 1379 divergentem
1510 1338 1618 1371 relata
1637 1340 1774 1370 etame

238 1406 303 1438 sub
338 1404 463 1438 eodem
495 1403 636 1435 nomine
673 1402 707 1433 in
740 1400 803 1440 Alg
835 1398 926 1432 med.
960 1400 1174 1431 enumerata.
1230 1397 1349 1430 Potius
1389 1400 1505 1430 tamen
1543 1396 1690 1430 formam
1716 1397 1773 1429 Gr.

239 1462 482 1497 conservoides
510 1462 744 1494 monstrosam
771 1458 876 1491 bodie
904 1457 1102 1500 considero,
1124 1456 1166 1489 ab
1182 1456 1237 1489 illa
1253 1464 1358 1499 quam
1373 1455 1438 1488 sub
1455 1464 1524 1488 var.
1541 1466 1570 1496 η.
1587 1454 1777 1497 descripsit

238 1523 413 1555 Turnerus
440 1520 559 1553 forsan
587 1527 654 1551 non
681 1518 783 1558 longe
809 1517 997 1549 diversam.

332 1581 381 1613 De
406 1589 471 1612 usu
499 1578 555 1611 Gr.
584 1575 837 1610 Confervoides
864 1575 927 1608 csr.
953 1573 1056 1608 Arcle.
1084 1573 1225 1608 Pliarm.
1254 1572 1342 1606 1844
1363 1583 1397 1617 p.
1426 1572 1502 1606 442.

334 1639 369 1671 ln
396 1638 488 1681 Alyz's
515 1635 702 1670 Ochotens.
724 1645 759 1678 p.
787 1633 853 1667 274
880 1633 985 1667 dubia
1011 1633 1120 1666 movit
1146 1632 1216 1665 Cel.
1242 1631 1430 1675 Ruprecht,
1446 1640 1535 1664 anne
1554 1630 1654 1673 plura
1670 1640 1775 1673 syno-

241 1706 341 1740 nyma
369 1696 537 1729 l‘locariae
563 1694 825 1736 Coiilei·voides,
852 1702 931 1735 quae
957 1692 1113 1734 plantam
1139 1690 1316 1723 borealem
1343 1691 1516 1733 spectant,
1544 1689 1587 1722 ad
1609 1688 1777 1722 Halosao-

242 1758 335 1789 cium
362 1755 558 1788 fistulosum
584 1754 814 1795 pertinerent.
841 1750 913 1783 Hoc
939 1758 1033 1791 aegre
1060 1749 1126 1782 nisi
1152 1747 1407 1790 speciminibus
1440 1748 1524 1780 visis
1551 1746 1778 1789 dijudicatum

242 1824 359 1847 veram
386 1815 501 1846 autem
528 1812 575 1845 Pl.
603 1810 865 1844 conl'ervoidem
892 1809 935 1841 ad
962 1817 1041 1841 orzis
1067 1810 1207 1841 nostras
1235 1807 1412 1848 obvenire,
1439 1807 1575 1838 certum
1600 1807 1665 1838 est.

244 1945 279 1983 2.
311 1948 372 1983 GR.
402 1950 642 1982 riissERCULOsA
684 1940 853 1988 [Hampe
894 1941 1032 1983 mser.)
1075 1937 1274 1976 frondibus
1305 1935 1632 1985 subcartilagineis
1664 1936 1778 1973 elon-

355 2013 447 2062 gatis
493 2009 676 2048 teretibus
723 2007 1068 2056 virgam-ramosis,
1111 2006 1222 2044 ramis
1266 2004 1491 2043 abbreviatis
1522 2003 1778 2053 subindivisis,

356 2079 536 2118 coccidiis
566 2076 804 2115 densissimis
836 2075 1224 2119 tuberculisormibus.

339 2157 619 2201 Spbaerocoocus
645 2154 893 2187 tuberculosus
920 2151 1052 2196 Ilampe
1078 2160 1185 2185 mser.
1210 2148 1277 2193 fide
1304 2148 1405 2183 Kaele.
1431 2148 1527 2194 Spec.
1555 2147 1625 2193 Alq.
1648 2147 1778 2192 p.773!

340 2216 530 2249 Gracilaria
556 2212 806 2254 flagellisormis
831 2211 934 2245 Saler.
962 2211 1093 2245 mscr.!

361 2287 447 2326 Hub.
478 2287 522 2324 ad
557 2297 641 2323 oras
672 2285 836 2324 Peruviae
869 2284 955 2332 (llb.
987 2283 1136 2329 Subr.!)

343 2363 507 2397 ”Habitus
534 2364 590 2395 Gr.
618 2361 859 2396 Conservoidis
886 2360 948 2393 sed
976 2360 1081 2401 duplo
1109 2349 1272 2401 crassior,
1291 2358 1396 2390 ramis
1411 2354 1654 2390 brevioribus⁷’
1683 2355 1781 2389 Kiitz.

249 2425 368 2457 Planta
394 2432 413 2455 a
440 2432 494 2455 me
533 2423 591 2455 vix
627 2422 780 2462 cognita.
839 2420 1084 2460 Fragmentum
1122 2417 1214 2449 enim
1249 2419 1381 2449 tantum
1408 2416 1477 2449 vidi
1504 2416 1634 2457 plantae
1659 2416 1694 2447 in
1719 2414 1782 2447 Hb.

250 2482 351 2516 Subr.
385 2490 473 2515 novo
508 2481 647 2513 nomine
675 2480 844 2523 salutatae,
873 2488 915 2510 ex
943 2478 1065 2510 eodem
1093 2476 1170 2509 loco
1196 2475 1449 2518 provenientis.
1500 2474 1645 2508 Habitus
1672 2474 1782 2514 magis

251 2542 293 2574 ad
321 2542 376 2575 Gr.
405 2548 646 2582 compressam
673 2538 817 2587 tendere
845 2537 927 2569 mibi
955 2536 1103 2578 videtur,
1130 2533 1191 2566 sed
1219 2542 1286 2566 non
1313 2542 1530 2576 compressa.

255 2673 287 2709 3.
318 2675 380 2712 Gn.
410 2675 643 2710 Licnaxoinrs
677 2670 739 2716 (L.
773 2669 861 2716 Hb.)
896 2668 1093 2707 frondibus
1123 2666 1448 2714 subeartilagineis
1475 2664 1658 2713 elongatis
1677 2667 1783 2700 tere-

365 2741 462 2778 tibus
495 2751 584 2787 vage
623 2738 781 2776 ramosis
812 2736 1090 2785 subl'astigiatis,
1121 2735 1233 2772 ramis
1264 2735 1405 2771 sensim
1438 2731 1637 2770 attenuatis
1669 2732 1782 2768 elon-

367 2809 458 2856 gatis
489 2806 717 2844 dieliotomis
749 2808 786 2841 et
815 2803 1121 2842 subsecuudatim
1154 2802 1368 2852 ramulosis,
1387 2799 1537 2838 ramulis
1555 2798 1782 2835 dicliotoinis

365 2876 471 2924 apice
502 2887 600 2924 saepe
631 2873 1031 2922 divarieato—l'urcatis,
1062 2871 1241 2909 eoccidiis
1273 2871 1309 2908 in
1336 2869 1480 2907 ramulo
1509 2865 1681 2915 plurimis
1713 2866 1783 2902 be-

366 2941 610 2990 mispbaerieis
641 2942 697 2978 vix
728 2940 953 2978 mamillatis.
1412 2962 1431 2978 0
