1895 3208
263 131 357 171 674
831 128 1214 171 Sniffinococcoinnss.
1531 128 1787 188 Hymenena.

369 266 559 302 structura
602 261 783 309 placentae
830 263 867 297 et
910 261 1109 310 dispositio
1149 262 1442 309 gemmidiorum
1473 265 1509 303 in
1542 278 1660 316 opere
1692 270 1786 305 llar-

260 342 398 378 veyano
443 330 567 366 ininus
613 327 713 366 bene
758 329 992 378 exprimitur.
1065 332 1103 366 ln
1149 330 1270 368 fructu
1318 331 1416 370 bene
1461 336 1627 385 evoluto,
1672 347 1787 384 quem

260 398 479 447 examinavi,
511 396 802 446 dispositionem
835 409 852 435 a
883 408 945 435 me
976 397 1205 448 descriptam
1239 400 1560 440 evidentissimam
1591 402 1676 441 vidi.

261 532 291 570 4.
323 535 410 572 Ili'ii.
441 540 537 570 FissA
570 532 705 576 (Grev.
738 531 818 580 Δίῃ.
851 532 949 570 Brit.
981 532 1071 582 Syn.
1101 543 1188 580 paq.
1223 533 1402 580 XLVIII)
1443 536 1580 574 fronde
1611 548 1630 574 a
1661 537 1787 586 stipite

366 600 739 638 euneato-ssabellata
778 601 969 649 profunde
1006 600 1200 651 multifida,
1231 603 1437 650 segmentis
1469 605 1788 642 cuneato—linea-

367 667 469 705 ribus
500 668 784 716 pinnatilobatis
814 669 1133 719 dicliotomisque,
1164 668 1261 707 tobis
1286 669 1460 719 oblongis
1476 673 1645 721 margine
1663 674 1787 724 nudis,

365 734 542 772 eoccidiis
572 748 642 785 per
671 740 816 786 partem
849 737 1090 786 superiorem
1121 737 1272 786 sparsis.

348 825 445 868 Hym.
485 826 568 858 fissa
612 823 718 859 Grev.
745 825 766 858 l.
793 835 821 859 c.
848 824 956 859 Harv.
994 824 1079 859 Ner.
1117 828 1231 859 auslr.
1269 836 1306 870 p.
1335 828 1397 860 448
1424 827 1492 861 (αὐ.
1519 827 1662 863 XLIV!!
1684 829 1785 865 Isim.

253 893 304 927 sp.
327 894 362 928 p.
390 884 473 917 873!

346 941 460 976 Fucus
494 952 647 977 venosus·
682 942 720 976 L.
747 942 858 977 Mant.
881 954 916 987 p.
945 944 1021 976 342.
1057 941 1144 977 Web.
1170 945 1204 977 et
1230 942 1343 978 Molir.
1370 942 1479 978 Beitr.
1503 955 1538 989 p.
1566 947 1644 979 275.
1682 944 1786 979 Turn.

252 1000 340 1035 Hisc.
366 1001 435 1036 tab.
464 1003 544 1036 438!

345 1060 544 1094 Delesseria
572 1072 701 1096 venosa
730 1061 787 1106 Ay.
815 1071 865 1105 sp.
889 1072 923 1105 p.
953 1063 1030 1095 482.
1053 1061 1144 1105 Sysc.
1167 1072 1202 1106 p.
1230 1063 1307 1096 ⁶251.

343 1122 528 1155 Dawsonia
555 1121 735 1163 Belangeri
762 1120 857 1164 Bory
883 1131 938 1165 ap.
966 1119 1038 1155 Bel.
1071 1120 1149 1164 l'oy.
1172 1131 1207 1165 p.
1237 1122 1298 1154 472
1327 1121 1394 1156 tab.
1424 1122 1482 1155 461

345 1180 443 1213 leon:
469 1178 558 1213 Seba
590 1179 683 1213 lees.
710 1179 778 1213 III.
805 1179 873 1213 lab.
903 1183 965 1213 442
993 1189 1027 1214 n.
1055 1183 1108 1214 40.

363 1264 450 1302 Ilab.
495 1264 532 1302 in
576 1264 702 1313 stipite
748 1262 947 1313 Eckloniae‚
992 1261 1035 1299 ad
1076 1265 1162 1311 Cap.
1207 1262 1240 1299 b.
1280 1263 1365 1312 Spei
1398 1262 1596 1310 (Lalandel
1629 1263 1786 1310 Harvey!

252 1333 395 1382 Pappe!
427 1332 604 1381 aliique);
637 1332 674 1369 in
706 1343 852 1376 oceano
886 1331 1042 1380 pacifico
1075 1330 1119 1368 ad
1153 1330 1253 1368 littus
1283 1331 1450 1369 Peruviae
1481 1330 1566 1378 (111).
1599 1330 1786 1378 Binderl).

344 1423 451 1456 Frons
479 1422 704 1465 semipedalis
731 1430 749 1454 a
776 1421 896 1463 stipite
921 1420 1018 1452 brevi
1045 1419 1293 1461 semipollicari
1321 1422 1481 1462 cuneata,
1508 1423 1568 1453 aut
1585 1420 1686 1453 latior
1700 1419 1786 1453 sub-

252 1484 424 1518 ssabellata
465 1484 500 1514 et
537 1481 717 1523 multifida,
756 1480 950 1521 segmentis
989 1479 1092 1518 longe
1131 1480 1302 1521 animatis,
1341 1487 1434 1511 nuno
1471 1478 1561 1511 iobis
1593 1479 1786 1512 minoribus

252 1543 496 1577 erectiusoulis
533 1539 798 1583 pinnatilobata‚
837 1546 930 1571 nuno
962 1539 996 1570 iu
1030 1537 1129 1570 lobos
1156 1537 1328 1580 quosdam
1355 1538 1567 1579 principales
1594 1538 1786 1571 di-trioho-

252 1606 355 1636 torna.
405 1600 489 1634 Lobi
516 1599 845 1640 oblongo-lineares
873 1598 973 1639 apice
1001 1595 1609 1639 rotundatiautmultifido-crenati,
1631 1597 1785 1637 margine

251 1660 506 1702 integriusouli.
570 1657 671 1691 Venae
713 1658 843 1698 stipitis
879 1658 912 1689 in
952 1658 1087 1688 costam
1114 1654 1185 1687 sere
1212 1654 1422 1698 conjunctae,
1449 1656 1483 1688 in
1509 1657 1701 1696 segmentis
1730 1664 1787 1688 ra-

252 1720 373 1753 diatim
399 1719 621 1759 divergentes
648 1715 989 1756 sublongitudinales
1016 1717 1051 1747 et
1082 1714 1270 1757 parallelae,
1305 1713 1362 1745 hic
1399 1714 1470 1746 illio
1503 1713 1785 1746 anastomosihus

246 1778 393 1820 junctae.
453 1776 617 1810 Coccidia
654 1776 745 1808 inter
780 1773 966 1816 parallelas
1005 1781 1110 1806 venas
1148 1773 1409 1813 segmentorum
1448 1773 1667 1814 superiorum
1700 1771 1787 1804 sub-

250 1838 389 1881 seriata,
427 1838 462 1869 in
504 1835 626 1868 fronde
665 1834 890 1876 (plerumque
932 1832 1153 1872 decolorata)
1195 1832 1280 1864 satis
1319 1832 1524 1874 conspicua.
1574 1829 1649 1863 Sori
1676 1830 1786 1863 lineas

250 1896 342 1928 inter
381 1903 486 1928 venas
525 1896 701 1927 flexuosas
736 1893 836 1935 quasi
870 1891 1071 1932 exsculptas
1109 1890 1279 1923 efficiunt.
1334 1889 1436 1923 Color
1461 1892 1614 1923 recentis
1641 1889 1785 1932 pulchre

251 1956 639 1997 coccineo-purpureus
656 1951 862 1984 irideseens.
889 1950 1091 1983 Substantia
1106 1949 1627 1982 subearnoso-membranacea.
1650 1947 1786 1981 Chartae

250 2022 319 2046 non
346 2012 514 2046 adhaeret.

342 2070 576 2113 Nitophyllum
615 2070 812 2102 striolatum
847 2067 952 2101 Sond.
982 2069 1064 2109 (nec
1090 2065 1122 2099 J.
1155 2065 1213 2111 Ay.
1247 2069 1283 2100 ut
1310 2067 1416 2100 habet
1440 2065 1543 2100 Isutz.
1569 2076 1619 2109 sp.
1641 2075 1676 2109 p.
1704 2065 1785 2107 868)

251 2133 306 2164 est
330 2131 470 2172 species
497 2128 594 2172 Hym.
620 2128 714 2161 fissae
739 2128 912 2171 proxima,
938 2127 966 2160 si
993 2135 1063 2159 non
1088 2126 1252 2159 identica.
1304 2125 1503 2168 Speoimina
1530 2134 1548 2158 a
1573 2123 1784 2157 PortCallao

250 2189 417 2233 Peruviae‚
451 2198 529 2232 quae
563 2187 645 2229 vidi,
680 2196 750 2220 non
777 2186 966 2220 admodum
993 2185 1186 2228 eompleta3
1212 2194 1255 2218 ex
1280 2184 1334 2218 his
1360 2184 1476 2217 saltim
1502 2183 1631 2216 nullam
1657 2182 1785 2215 distin-

250 2248 377 2282 otionis
403 2249 522 2281 notam
549 2255 671 2280 eruere
698 2247 800 2280 valui.

251 2389 286 2428 2.
318 2392 402 2426 [iiii.
435 2396 617 2426 mininam
664 2387 786 2432 (Post.
833 2389 871 2424 ec
915 2385 1035 2433 Rupr.
1082 2383 1234 2422 Illuslr.
1280 2383 1362 2431 Alq.
1404 2394 1444 2432 p.
1491 2384 1558 2428 45)
1598 2381 1733 2421 fronde
1764 2393 1783 2419 a

361 2457 486 2507 stipite
518 2455 891 2493 cuneuto-ssabellata
925 2453 1115 2503 profunde
1147 2451 1342 2502 multifida,
1372 2450 1578 2499 segmentis
1609 2450 1681 2487 late
1711 2459 1783 2485 cu-

360 2525 479 2562 neatis
520 2524 626 2573 apice
666 2523 793 2561 incisis
831 2523 999 2560 erosisve
1038 2522 1257 2570 foliot-isque
1300 2519 1599 2569 prolifieantibus
1629 2518 1783 2556 minutis

360 2591 705 2631 2-3-multilobis
735 2591 906 2640 stipitatis
937 2590 1081 2641 Obsius,
1113 2588 1291 2627 coccidiis
1321 2587 1602 2635 marginalibus.

345 2669 545 2711 Hymenena
577 2669 750 2702 fimbriata
783 2667 875 2702 Post.
908 2669 942 2701 et
971 2666 1079 2711 Rupr.
1115 2666 1137 2699 l.
1171 2676 1200 2699 c.
1227 2664 1296 2699 lab.
1322 2662 1513 2697 XXXVIII.
1537 2661 1594 2707 fif).
1620 2672 1652 2696 α.
1679 2660 1778 2695 lszz‘tz.

251 2725 306 2769 Sp.
332 2726 403 2771 Alq.
426 2737 461 2770 p.
488 2728 566 2760 873.

345 2785 542 2828 llymenena
569 2788 651 2820 fissa
679 2789 712 2828 β.
742 2786 936 2827 marginata
962 2783 1070 2818 Ilarv.
1095 2793 1150 2827 ap.
1177 2781 1300 2817 Beeclt.
1334 2780 1412 2825 Voy.
1435 2791 1472 2825 p.
1497 2780 1574 2814 1207.

362 2856 450 2893 llab.
482 2857 518 2894 in
551 2869 697 2896 oceano
728 2857 885 2906 pacifico
916 2856 961 2895 ad
993 2856 1116 2894 sinum
1149 2855 1304 2895 Norsolk
1334 2857 1372 2892 et
1403 2864 1486 2891 oras
1517 2850 1779 2888 Kamtscliauiae

252 2923 359 2969 (Mus.
392 2926 577 2972 Petu-opt)
