1895 3208
61 137 64 140 .
104 93 358 139 Delesseria.
675 92 1057 138 Sruaenococcomffi.
1538 96 1630 136 693

195 228 352 271 Species,
380 226 641 260 ramificationis
667 235 788 260 norma
816 235 895 260 cum
920 226 960 259 D.
987 228 1130 260 sinuosa
1157 228 1383 271 conveniens,
1405 226 1514 259 forma
1531 226 1633 259 solio-

102 288 213 320 lorum
239 286 377 319 abunde
405 285 581 328 distincta,
608 285 675 318 boc
701 288 864 327 respectu
891 294 970 319 cum
997 284 1035 318 D.
1063 287 1254 327 sanguinea
1282 285 1456 329 quandam
1481 284 1632 318 offerens

101 345 374 378 similitudinem.

194 402 357 445 Speciem
384 411 519 445 novam,
544 401 583 434 D.
611 401 817 435 crassisoliae
843 402 1005 444 similem,
1034 403 1174 435 nomine
1189 401 1437 435 D.Kurilensis
1463 402 1634 434 memorat

100 460 277 503 Ruprecbt
303 459 394 504 (Azy.
422 460 541 494 Oclzot.
563 471 599 504 p.
624 461 722 504 233),
749 470 827 502 quae
853 460 943 493 foliis
970 460 1189 494 brevioribus
1213 462 1323 502 magis
1341 461 1516 502 elliptiois,
1533 461 1632 502 apice

101 529 168 552 nou
207 519 402 551 rotundatis
440 519 504 552 sed
542 519 695 552 breviter
731 519 951 561 acuminatis,
995 520 1162 561 venisque
1204 520 1377 561 oppositis
1411 517 1633 559 simplicibus

101 577 337 617 distinguitur.
387 577 411 608 A
437 576 478 611 1).
505 578 695 617 sanguinea
723 577 961 620 mici-opliylla,
988 577 1101 619 qualis
1127 577 1203 610 haic
1231 578 1272 610 ad
1300 577 1454 610 Fioniam
1481 576 1633 618 obvenit,

100 637 154 669 cui
194 636 309 678 quoad
348 635 492 668 sormam
530 644 599 668 non
636 644 759 676 parum
786 635 1096 678 adpropinquatur,
1124 636 1241 669 colore
1268 636 1418 669 obscure
1444 644 1632 679 purpureo,

99 694 226 727 foliolis
265 694 483 726 brevioribus
522 696 557 726 et
594 694 787 737 latioribus,
825 695 923 727 venis
950 694 1184 727 crassioribus
1211 697 1245 727 et
1273 696 1383 736 magis
1410 694 1632 737 distantibus,

100 753 297 786 substantia
324 754 528 796 gelatinosa,
556 755 590 786 et
615 753 750 785 cellulis
779 753 1005 786 corticalibus
1032 753 1225 786 minoribus
1252 753 1492 794 dignoscatur.

104 848 161 887 19.
195 851 233 886 D.
266 851 400 886 LYALLH
433 847 572 892 (Hoolc.
610 846 662 893 fil.
702 851 741 884 et
780 846 900 884 Harv.
939 849 982 884 in
1022 847 1143 885 Lond.
1185 848 1328 886 Journ.
1358 847 1420 885 IV.
1455 859 1494 895 p.
1532 847 1632 894 25⁶2)

209 914 352 953 frondis
405 918 555 952 costatae
601 915 779 963 opposite
826 925 975 952 venosae
1023 915 1162 953 foliolis
1215 916 1633 964 oblongo-lanceolalis

208 983 360 1020 serratis
392 987 429 1020 et
460 995 477 1019 a
509 983 680 1030 margine
711 983 840 1020 foliola
862 982 1071 1020 consimilia
1089 983 1341 1032 subpetiolata
1361 983 1635 1030 emittentibus,

207 1050 304 1088 soris
334 1049 373 1087 in
404 1051 694 1100 parencliymate
727 1051 827 1088 inter
858 1060 968 1088 venas
1000 1051 1175 1099 expansis
1194 1054 1356 1099 utroque
1375 1052 1491 1089 latere
1522 1057 1633 1090 costae

208 1118 406 1169 oppositis,
443 1119 482 1156 in
515 1118 650 1156 fronde
694 1118 856 1168 seriatis,
888 1118 923 1156 in
954 1118 1087 1167 phyllis
1120 1118 1389 1167 marginalibus
1421 1120 1632 1167 geminatis.

189 1196 389 1229 Delesseria
424 1195 542 1238 Lyallii
581 1193 689 1228 Hoolc.
723 1196 756 1228 et
787 1193 896 1228 Harv.
923 1194 944 1228 l.
971 1205 1001 1228 c.
1027 1196 1060 1228 et
1086 1194 1203 1238 Crypc.
1230 1196 1385 1247 amaret.
1408 1204 1442 1238 p.
1474 1197 1538 1230 465
1565 1198 1632 1232 lab.

97 1254 284 1289 CLXXVI!

190 1313 446 1357 Hypoglossum
472 1314 589 1357 Lyallii
615 1312 717 1347 [salz.
744 1323 792 1357 sp.
813 1323 850 1357 p.
877 1313 954 1347 376.

208 1385 294 1423 Hah.
339 1385 378 1423 in
420 1386 513 1424 mari
559 1385 709 1423 australi
756 1385 801 1423 ad
848 1385 990 1423 insulas
1031 1384 1204 1423 Falliland
1237 1388 1274 1422 et
1305 1388 1631 1436 Kerguelen-land

98 1455 327 1504 (Hookerl).

190 1532 299 1566 Frons
338 1531 642 1574 4—9-pollicaris,
683 1526 822 1574 4--41A,
850 1531 970 1564 uncias
1002 1531 1081 1574 lata,
1108 1532 1142 1564 in
1168 1532 1337 1574 petiolum
1365 1533 1628 1576 cylindraceum

61 1584 65 1588 ’
96 1590 267 1632 gradatim
305 1592 500 1633 angustata,
539 1589 688 1630 oblonga
727 1589 780 1622 vel
816 1590 969 1633 linearis,
1007 1591 1107 1632 apice
1144 1590 1343 1634 rotundata,
1383 1594 1482 1624 costa
1518 1593 1632 1626 valida

95 1659 275 1694 percursa,
302 1658 430 1683 venosa
458 1651 555 1682 venis
588 1650 761 1692 oppositis
793 1648 997 1691 patentibus
1024 1649 1067 1682 ad
1093 1649 1217 1682 dentes
1244 1651 1411 1689 marginis
1439 1660 1633 1685 excurren-

97 1709 202 1743 tibus.
265 1709 397 1742 Dentes
435 1709 645 1750 marginales
672 1717 691 1741 a
717 1708 839 1740 latiore
876 1708 952 1740 basi
987 1709 1169 1751 attenuati,
1196 1710 1379 1750 superiore
1406 1710 1513 1742 latere
1541 1712 1633 1743 inte-

96 1769 275 1810 griusculi,
313 1767 478 1801 inferiore
516 1768 703 1801 denticulis
740 1766 936 1800 minoribus
974 1768 1110 1800 serrati.
1174 1766 1287 1811 Venae,
1327 1777 1404 1810 quae
1439 1769 1482 1801 ad
1509 1769 1632 1802 dentes

97 1828 298 1871 excurrunt,
324 1835 428 1859 secus
455 1827 646 1868 marginem
673 1827 870 1859 continuari
896 1826 1059 1859 videntur
1085 1827 1119 1858 et
1145 1834 1225 1859 cum
1248 1835 1336 1859 vena
1351 1828 1466 1861 dentis
1481 1829 1632 1869 proximi

96 1889 223 1920 iterum
261 1885 445 1928 conJ'ungi3
478 1887 512 1918 in
544 1886 657 1927 spatio
683 1885 805 1918 dentes
832 1885 1029 1928 interjecto,
1057 1894 1075 1918 a
1102 1894 1190 1918 vena
1219 1886 1397 1927 marginali
1426 1887 1632 1929 incrassato,

97 1946 212 1979 foliola
238 1953 328 1978 nova
355 1945 436 1977 oriri
463 1946 649 1987 apparent,
676 1943 792 1976 foliola
819 1943 895 1976 haec
922 1944 965 1976 ab
992 1945 1091 1977 initio
1118 1945 1297 1987 petiolata,
1324 1944 1456 1977 ambitu
1472 1944 1631 1988 obovata,

96 2008 242 2047 serrata,
267 2005 408 2037 demum
440 2002 634 2036 conformia
668 2002 1058 2045 obovato-lanceolata3
1085 2002 1283 2036 foliolorum
1310 2005 1419 2035 costae
1446 2005 1632 2035 continua-

97 2066 210 2098 tiones
238 2072 403 2096 venarum
430 2062 563 2096 frondis
589 2063 765 2104 primariae
792 2061 964 2095 videntur.
1014 2062 1178 2095 Coccidia
1208 2063 1296 2104 (sec.
1324 2061 1431 2094 Hook.
1458 2066 1491 2094 et
1513 2061 1630 2102 Harv.)

96 2124 129 2156 in
156 2124 283 2165 pagina
316 2121 450 2154 frondis
482 2129 605 2163 sparsa
633 2120 682 2160 (b.
708 2119 762 2152 e.'?
789 2121 821 2153 in
850 2121 959 2153 costis
987 2123 1046 2153 aut
1070 2122 1168 2154 venis
1195 2120 1364 2158 sessilia).
1415 2120 1491 2152 Sori
1518 2123 1632 2163 spatia

96 2182 186 2214 inter
212 2189 318 2213 venas
346 2181 535 2223 occupant,
561 2179 697 2220 singula
725 2180 817 2211 serie
843 2182 992 2222 utroque
1019 2179 1127 2212 latere
1154 2182 1263 2213 costae
1291 2180 1464 2224 dispositi,
1481 2181 1631 2223 plurimi,

96 2241 188 2274 binis
227 2240 418 2282 oppositis,
456 2240 489 2271 in
530 2237 655 2281 phyllis
693 2238 836 2271 minutis
881 2238 1132 2279 marginalibus
1171 2248 1272 2272 soros
1312 2240 1506 2279 geminatos
1544 2239 1632 2281 vidi,

97 2300 274 2333 solitarios
298 2299 449 2340 pingunt
474 2297 572 2329 citati
599 2298 774 2329 auctores.

190 2358 230 2390 D.
257 2359 411 2390 sinuosae
437 2354 559 2388 habitu
584 2354 765 2398 formaque
792 2354 937 2398 frondis,
965 2355 1082 2388 colore
1109 2358 1144 2388 et
1171 2354 1367 2388 substantia
1393 2356 1534 2388 similis:
1563 2355 1632 2388 dif-

100 2415 166 2449 lert
202 2416 357 2456 margine
398 2415 594 2447 incrassato
633 2413 787 2456 dentato,
824 2422 890 2446 nec
916 2415 1074 2456 sinuoso,
1101 2413 1284 2446 frondibus
1311 2414 1530 2447 secundariis
1557 2414 1632 2446 evi-

98 2477 221 2509 denter
250 2475 428 2518 petiolatis
463 2482 480 2505 a
517 2474 672 2514 margine
699 2473 973 2517 emergentibus,
1001 2481 1066 2506 uec
1093 2481 1112 2505 a
1139 2474 1274 2506 laciniis
1300 2473 1432 2506 sensim
1459 2472 1632 2514 separatis

98 2534 232 2567 frondis
257 2534 436 2575 primariae
463 2533 560 2566 ortis.

117 2638 224 2688 ††††
254 2637 435 2678 Frondes
459 2635 841 2688 prolificatz‘om'bus
873 2647 900 2676 a
931 2638 1049 2676 costa
1080 2634 1381 2687 emerqentibus
1412 2645 1603 2675 ramosoe.

127 2720 179 2756 lx.
212 2720 480 2756 Hi'POGLOSSUM.
517 2715 610 2756 Sorz'
641 2715 1030 2780 splioerosporaripn
1059 2716 1102 2755 in
1129 2714 1287 2765 foliolis
1317 2724 1399 2754 non
1430 2715 1603 2754 mutatis

415 2783 581 2835 evoluti,
612 2788 786 2836 utroque
817 2784 949 2824 latere
979 2786 1106 2823 costoe
1136 2781 1302 2833 sinqule'.

98 2863 160 2901 ΞΟ.
194 2866 232 2901 D.
262 2866 521 2901 lirroctossuii
554 2861 744 2909 (Woodw.
775 2865 818 2900 in
848 2861 934 2899 Lin.
969 2862 1031 2901 Tr.
1064 2861 1113 2899 II.
1142 2873 1180 2909 p.
1212 2859 1283 2909 30)
1321 2861 1456 2898 fronde
1488 2864 1629 2899 costula
