1895 3208
293 171 387 211 532
706 169 948 210 ConAtriNEAE
968 168 1145 221 (Auaron.
1165 167 1416 223 ARESGH.)
1591 168 1833 226 Amphiroa.

292 299 326 337 3.
358 303 393 338 A.
426 308 545 336 nucum
579 298 787 343 (Lamour.
826 297 903 335 Pol.
943 296 1037 346 [lex.
1066 309 1104 346 p.
1136 296 1215 335 297
1247 303 1272 335 t.
1311 297 1353 335 ll
1388 299 1414 347 f
1452 299 1492 341 4)
1527 300 1663 337 fronde
1695 300 1833 348 caespi-

402 370 480 402 tosa
522 365 691 412 denique
739 365 998 413 lupidesrente
1051 365 1352 412 subregulariler
1402 366 1619 404 diclioloma
1666 378 1832 415 superne

401 434 605 479 attenuata,
635 432 803 469 articulis
836 431 1084 478 cylindraceis
1115 431 1303 469 diametro
1323 431 1563 481 6plo-8plo
1582 433 1833 483 longioribus,

401 498 586 543 geniculis
619 497 929 535 lineaelormilms
1610 486 1613 487 ⁷

382 572 599 615 ?Amphiroa
625 573 742 606 lucida
771 571 939 606 Lamour.
970 572 1041 606 Pol.
1062 570 1145 615 lleoe.
1168 584 1203 616 p.
1231 574 1309 606 ⁶297.

381 630 570 671 Amphiroa
596 632 823 663 verruculosa
852 630 953 663 Kritz.
981 630 1085 672 Phyc.
1110 639 1187 674 qen.
1211 641 1245 674 p.
1275 632 1352 664 387.
1380 650 1425 655 ——
1448 630 1546 674 Spec.
1566 641 1603 674 p.
1631 632 1708 664 700.

381 687 570 728 Amphiroa
598 688 895 720 cladoniaelormis
922 687 1101 732 Meneqli.;
1127 688 1228 721 Ii'zilz.
1253 688 1350 731 Spec.
1373 698 1409 731 p.
1435 689 1512 721 700.

381 744 571 786 Amphiroa
599 746 699 786 spina
727 744 829 778 Kritz.
859 744 961 787 Phyc.
985 754 1064 789 qen.
1087 756 1123 789 p.
1151 747 1229 779 387.
1255 765 1300 769 -—
1323 745 1422 790 Spec.
1445 756 1479 789 p.
1507 748 1588 780 700.

382 801 572 843 Amphiroa
598 803 834 845 amethystina
862 801 1021 836 Zanard.

382 859 570 901 Amphiroa
598 861 802 903 irregularis
828 860 930 894 Ιιίῐίι.
958 860 1063 904 Pliyc.
1086 870 1167 905 qen.
1191 870 1226 904 p.
1255 862 1333 894 387.
1359 881 1402 884 —
1427 860 1525 904 Spec.
1547 870 1584 903 p.
1610 861 1687 893 700.

385 916 557 949 Corallina
584 918 817 962 amethystina
846 917 1004 952 Zanard.

402 987 488 1024 llab.
522 987 559 1023 in
593 988 684 1024 mari
717 988 899 1025 adriatico
932 992 969 1024 et
999 988 1284 1026 mediterraneo
1317 1000 1437 1036 usque
1468 989 1512 1025 ad
1546 988 1705 1025 insulam
1732 987 1835 1024 Rho-

291 1054 396 1104 dum,
427 1059 467 1091 ut
498 1054 659 1105 videtur,
690 1067 769 1092 non
804 1055 1066 1103 infrequenter
1098 1056 1228 1103 (Herb.
1260 1067 1403 1105 propr.>
1432 1055 1593 1092 Sonderi
1626 1059 1663 1091 et
1690 1057 1836 1092 Lenor-

292 1121 457 1169 mandi).

384 1197 495 1230 Frons
527 1198 706 1239 pollicaris
740 1198 760 1230 l.
794 1197 1109 1240 sesquipollicaris,
1141 1198 1303 1230 crassitie
1330 1198 1497 1239 priorum,
1525 1197 1604 1237 plus
1630 1197 1746 1229 minus
1778 1204 1836 1227 re-

293 1255 461 1295 gulariter
498 1255 716 1298 dichotoma3
756 1255 875 1297 junior
913 1255 1128 1297 rubescens⁷
1173 1256 1285 1295 magis
1324 1255 1514 1296 caespitosa
1553 1256 1588 1286 et
1630 1253 1837 1294 regulariter

294 1312 493 1345 dichotoma
533 1313 719 1354 minusque
758 1314 898 1353 apicem
934 1321 1059 1346 versus
1099 1314 1278 1345 attenuata
1311 1311 1536 1354 fragilisque,
1562 1311 1678 1344 adulta
1707 1311 1836 1343 coloris

293 1371 599 1412 cretaceo—grisei,
638 1371 877 1411 irregulariter
914 1371 1134 1413 dichotoma,
1171 1371 1373 1412 praesertim
1411 1368 1546 1402 inferne
1586 1368 1838 1410 lapidescenti-

292 1429 489 1461 incrassata
516 1427 668 1468 indeque
698 1436 850 1468 superne
877 1430 1068 1460 attenuata.
1118 1429 1142 1459 A
1170 1426 1348 1469 prioribus
1375 1426 1565 1468 speciebus
1591 1426 1712 1459 babitu
1737 1426 1837 1458 Ioco-

293 1494 361 1527 que
387 1486 505 1527 potius
532 1493 634 1526 quam
663 1484 928 1517 characteribus
956 1485 1141 1526 distincta3
1168 1484 1298 1517 formas
1324 1483 1427 1525 hujus
1443 1485 1622 1516 tenuiores
1635 1491 1698 1524 pro
1714 1482 1837 1525 Amph.

294 1542 518 1583 fragilissima
547 1542 713 1574 hahuisse
741 1542 844 1575 nobis
871 1543 1009 1575 videtur
1034 1541 1268 1574 Lamouroux.

387 1600 436 1632 De
464 1602 668 1641 synonymia
697 1600 804 1632 multa
831 1602 967 1632 restant
992 1599 1111 1633 dubia.
1145 1601 1194 1631 An
1223 1599 1364 1640 species
1391 1597 1706 1641 Lamourouxiana,
1732 1597 1837 1630 nullis

293 1658 379 1690 visis
407 1658 665 1698 speciminibus
692 1657 917 1698 authenticis,
945 1659 992 1689 sit
1016 1666 1098 1689 vere
1125 1659 1243 1689 nostra
1271 1657 1424 1698 species,
1450 1665 1512 1697 pro
1539 1658 1636 1688 certo
1665 1656 1838 1688 affirmare

294 1724 361 1747 non
391 1724 599 1757 possumus,
627 1715 820 1756 descriptio
848 1717 964 1747 tamen
992 1715 1082 1747 bene
1110 1715 1284 1756 congruit,
1313 1723 1377 1746 nec
1406 1714 1472 1745 ulla
1501 1714 1611 1755 adest,
1644 1715 1682 1746 ut
1713 1714 1839 1754 opina-

293 1781 382 1813 mur,
425 1773 458 1804 iu
496 1774 582 1804 mari
623 1774 881 1804 mediterraneo
921 1774 1072 1814 spec-ies,
1107 1782 1184 1814 quae
1216 1780 1320 1814 quam
1348 1774 1467 1804 nostra
1494 1772 1617 1804 melius
1645 1771 1687 1804 ad
1712 1770 1837 1811 Amph.

295 1830 440 1869 rigidam
477 1830 636 1862 Lamour.
670 1830 790 1862 referri
824 1832 946 1871 possit.
1007 1830 1108 1863 Putat
1138 1831 1279 1871 quidem
1306 1828 1376 1861 Cel.
1404 1829 1578 1861 Decaisne
1604 1828 1752 1870 (flmzal.
1778 1828 1839 1861 des

292 1887 429 1920 Scione.
467 1889 539 1920 nat.
580 1887 666 1919 4842
705 1886 781 1920 Bot.
820 1897 852 1920 v.
886 1889 905 1920 2
932 1898 968 1930 p.
1006 1889 1069 1920 425
1097 1888 1133 1920 in
1159 1887 1303 1929 nolula)
1342 1886 1466 1926 Amph.
1503 1886 1650 1926 rigidam
1677 1885 1837 1917 Lamour.

294 1954 374 1977 esse
417 1944 540 1985 Amph.
580 1944 854 1987 fragilissimam,
893 1954 997 1986 quam
1036 1946 1070 1976 in
1110 1945 1196 1977 mari
1236 1943 1492 1976 mediterraneo
1520 1951 1685 1975 crescere
1712 1945 1840 1975 asserit

293 2002 460 2043 Kiitzing3
486 2001 563 2034 haec
590 2010 671 2033 vero
698 2003 851 2045 species,
878 2005 917 2035 ut
942 2004 1061 2034 nostra
1090 2001 1156 2033 sert
1182 2002 1313 2044 opinio,
1340 2010 1374 2033 in
1397 2002 1480 2033 mari
1497 2002 1753 2034 mediterraneo
1770 2010 1838 2033 non

294 2060 436 2091 crescit.
475 2077 518 2082 —
550 2058 737 2099 Diagnosis
776 2059 899 2101 Amph.
937 2060 1064 2092 lucidae
1102 2068 1119 2091 a
1160 2059 1320 2091 Lamour.
1358 2058 1379 2091 l.
1412 2067 1442 2090 e.
1470 2059 1550 2091 data
1580 2060 1614 2091 in
1641 2060 1837 2100 specimina

293 2118 424 2149 nostrae
450 2117 581 2158 plantae
610 2125 652 2148 ex
679 2116 798 2148 Rhodo
828 2119 973 2159 accepta
1001 2117 1091 2150 bene
1119 2117 1278 2159 quadrat.

295 2208 329 2246 4.
361 2212 396 2246 A.
428 2218 743 2247 Bnrvmnricum'rA
790 2210 971 2253 (Aresch.
1016 2213 1156 2256 mser.)
1201 2210 1337 2247 fronde
1368 2210 1544 2247 crassiori
1577 2207 1838 2254 subii-regula-

403 2277 495 2312 riter
538 2275 940 2314 (licliotomo-ramosa
987 2288 1154 2325 superne
1192 2276 1472 2324 subaltenuata,
1513 2275 1681 2312 articulis
1714 2273 1837 2319 cylin-

404 2342 552 2379 draceis
593 2342 780 2379 diametro
825 2343 1066 2392 2p10—5plo
1113 2343 1365 2392 longioribus,
1408 2342 1591 2390 geniculis
1630 2340 1839 2377 sublineae-

407 2408 605 2448 sormibus.

406 2485 493 2522 llab.
525 2485 562 2521 in
596 2488 689 2524 mari
723 2487 837 2524 Indiae
869 2486 1116 2524 occidentalis
1149 2486 1281 2534 (llerb.
1316 2485 1513 2527 Sonderi.)

388 2560 612 2603 Speciminis,
640 2562 733 2603 quod
760 2563 875 2595 solum
901 2563 1063 2606 vidimus,
1093 2562 1187 2595 frons
1226 2563 1368 2595 circiter
1406 2562 1584 2603 polliceris
1611 2561 1631 2593 l.
1659 2559 1838 2602 paululum

294 2619 402 2662 ultra,
446 2620 533 2651 4—2
562 2620 801 2652 millimetrum
840 2629 979 2663 crassa,
1018 2621 1147 2652 coloris
1188 2620 1540 2661 flavescenti-grisei,
1580 2619 1837 2660 ramosissima,

295 2685 397 2718 quam
424 2678 458 2708 in
483 2676 660 2717 prioribus
687 2678 820 2709 tirmior
855 2681 960 2719 atque
988 2678 1141 2710 obesior.
1192 2677 1287 2709 Rami
1327 2677 1523 2718 ramulique
1561 2676 1635 2708 basi
1665 2676 1837 2716 apiceque

294 2736 474 2776 paululum
509 2737 691 2767 attenuati.
752 2737 897 2767 Articuli
934 2736 1157 2778 cylindracei‚
1198 2735 1350 2767 ramiseri
1383 2735 1447 2767 soli
1476 2734 1531 2766 hic
1559 2733 1626 2766 illic
1654 2741 1838 2773 compres-

294 2793 438 2823 siusculi
473 2795 507 2824 et
538 2792 760 2824 subcuneati.
823 2793 873 2825 Ab
909 2793 1072 2825 omnibus
1099 2793 1384 2834 praecedentibus
1413 2792 1583 2823 brevitate
1611 2790 1837 2822 articulorum

296 2848 487 2890 srondequo
514 2851 679 2882 crassiori
707 2852 742 2882 et
768 2850 920 2882 obesiori
949 2850 1129 2893 distincta,
1165 2859 1230 2882 nec
1258 2858 1338 2881 cum
1365 2847 1593 2890 sequentibus
1622 2846 1721 2879 facile
1750 2855 1839 2879 con-

296 2905 486 2938 fundenda.
514 2924 558 2929 --
584 2906 772 2947 Specimen
807 2907 1025 2948 descriptum
1058 2907 1312 2948 incomplctum
1349 2914 1428 2938 esse
1466 2912 1659 2936 memorare
1686 2906 1836 2946 oportet.
