1895 3208
88 121 339 167 Delesserz'a.
657 121 1041 165 Srieeaococcomeffi.
1518 125 1575 164 67
1584 125 1610 163 9

87 256 317 294 radiantibus
348 256 572 303 conjunctoe.
631 256 801 295 Placenta
819 266 930 304 supra
963 254 1067 292 basin
1100 255 1259 293 coccidii
1291 267 1423 305 parum
1455 255 1612 305 elemta,

85 324 150 361 sed
176 324 255 360 sere
281 323 568 361 liorizontaliter
585 327 751 373 extensa,
769 322 805 360 in
824 323 881 359 [ila
900 333 1103 360 numerosa
1120 324 1277 373 sterilia,
1295 335 1378 361 eum
1398 322 1610 372 pericarpio

86 391 439 440 conjuncta,etalia
470 390 746 439 gemmidiisera
777 391 908 427 soluta.
967 391 1175 427 Geminidia
1209 391 1244 427 in
1276 391 1439 429 articulis
1463 392 1611 429 filorum

85 473 102 496 a
134 460 303 508 placenta
341 458 565 495 radiantium
603 458 1093 495 clavato-moniliformium
1135 460 1305 509 l'ormata,
1346 457 1511 496 articulis
1543 469 1610 495 su-

87 525 225 574 premis
256 527 560 576 praecoeiorilms,
591 527 745 563 demum
778 526 872 562 intra
904 525 1116 562 coccidium
1150 526 1353 577 sublibera,
1386 539 1454 575 per
1471 538 1611 575 carpo-

84 596 262 634 stomium
295 594 460 631 liberata.
493 595 792 642 Carpostouiium
826 593 861 630 in
895 593 969 630 Del.
1002 594 1093 630 alata
1127 597 1162 629 et
1193 597 1230 631 Ι).
1250 593 1427 632 frondosa
1460 593 1611 642 perspi-

84 675 208 712 cuum,
247 663 283 699 in
324 662 555 711 llypoglosso
595 661 796 699 obscurum
836 672 854 697 a
894 672 954 697 me
994 660 1251 711 observatum3
1290 674 1335 699 an
1367 662 1403 699 in
1437 661 1612 699 omnibus

81 733 138 781 (D.
168 731 342 776 sinuosa)
373 729 481 778 adsit,
511 729 680 766 nondum
713 732 814 765 certe
846 731 1096 776 compertum.

189 799 464 847 Spliaerosporae
495 796 532 834 in
565 796 740 835 omnibus
772 796 979 833 rotundatae
1011 799 1048 832 et
1079 796 1263 844 triangule
1299 797 1437 847 divisse,
1474 798 1511 836 in
1543 811 1611 837 so-

82 878 164 904 rum
196 867 337 904 ambitu
368 865 636 903 subdefinitum
674 865 899 914 conjunctae,
940 864 976 901 in
1019 863 1164 901 cellulis
1205 864 1610 913 infra-epidermaticis

83 934 277 982 utriusque
308 934 450 982 paginae
481 932 705 969 nidulanteS.

189 1002 302 1046 Quale
333 1003 458 1038 Genus
489 1012 508 1037 a
539 1003 773 1037 Lamouroux
807 999 970 1048 primum
1004 998 1197 1035 fundatum
1225 999 1305 1049 suit,
1325 1002 1612 1047 pioetermulias

81 1068 238 1106 omniuo
278 1068 565 1116 heterogeneas,
604 1078 738 1104 omnes
778 1067 858 1103 sere
891 1065 1145 1103 Delesserieas
1178 1066 1407 1104 continebat.
1467 1069 1610 1107 Gaillon

80 1141 118 1174 et
146 1134 307 1175 Greville
325 1147 444 1184 genus
475 1135 519 1172 ad
552 1134 690 1172 limites
721 1134 1009 1183 restrinxerunt,
1041 1133 1176 1181 quibus
1208 1133 1333 1183 hodie,
1363 1134 1492 1182 paucis
1523 1147 1612 1172 inu-

81 1204 175 1254 tatis,
219 1203 552 1241 circumscribitur.
627 1206 766 1249 llarvey
811 1213 916 1239 novae
962 1201 1103 1249 speciei
1136 1211 1155 1237 a
1186 1201 1280 1238 mari
1312 1202 1463 1239 australi
1495 1204 1612 1241 allatse

79 1283 198 1321 genus
240 1271 436 1321 proprium
480 1271 586 1308 finxit
630 1270 879 1318 neminemne,
925 1268 1109 1318 peculiari
1155 1270 1372 1306 evolutione
1418 1273 1529 1307 eostre
1577 1273 1614 1307 et

79 1338 324 1388 carpostomii
364 1350 430 1376 ore
472 1339 584 1386 longe
616 1337 802 1386 producto
834 1337 1023 1385 praecipue
1054 1335 1282 1373 distinctum.
1350 1335 1421 1374 Sed
1455 1340 1493 1374 ut
1522 1338 1613 1375 milii

79 1409 226 1445 xidetur
255 1419 364 1456 aequo
396 1407 475 1444 sere
503 1406 591 1453 jure
622 1405 813 1442 sectiones
845 1416 978 1442 omnes
1011 1404 1106 1442 infra
1138 1403 1254 1441 allatae
1287 1415 1427 1452 genera
1458 1405 1612 1454 propria

79 1474 383 1513 considerentur.
430 1473 656 1511 lleinineura
691 1474 812 1518 (inter
841 1472 1098 1521 pinnatifidas)
1129 1472 1390 1510 Schizoneurae
1422 1472 1520 1510 inter
1549 1473 1612 1510 di-

79 1545 273 1582 chotomas
317 1544 484 1591 analoga.
560 1546 631 1579 Ore
677 1543 758 1591 plus
801 1541 927 1579 minus
972 1541 1160 1590 producto
1205 1539 1447 1591 carpostomii
1495 1551 1612 1587 genus

80 1612 136 1650 vix
177 1612 274 1650 bene
315 1611 508 1649 fundatum
548 1609 659 1648 hodie
701 1609 996 1647 considerarem.
1066 1612 1149 1658 lpse
1187 1609 1387 1658 hocloco,
1418 1611 1611 1657 praeeunte

81 1681 289 1731 Ki'itzingio,
331 1683 370 1717 D.
414 1678 660 1726 sanguineam
706 1688 784 1714 non
830 1677 913 1714 sine
952 1676 1186 1714 luesitatione
1218 1667 1389 1726 distinxi,
1421 1676 1465 1714 ad
1498 1676 1613 1713 alium

80 1759 168 1785 vero
200 1751 325 1796 typum
357 1747 588 1795 cystocarpia
621 1746 657 1783 in
689 1746 756 1782 hac
786 1748 1008 1783 constructa
1039 1744 1129 1781 milii
1154 1745 1423 1793 adparuerunt.
1458 1744 1612 1791 Kiitzing

80 1827 198 1864 genus
237 1816 455 1853 Delesserioe
494 1815 530 1852 in
562 1815 667 1863 plura
699 1813 883 1863 dissolvit,
915 1824 997 1862 quae
1027 1812 1267 1862 potissimum
1299 1816 1485 1850 structura
1517 1823 1611 1849 coc-

80 1884 268 1922 cidiorum
307 1883 486 1921 fundavit.
554 1885 610 1921 Me
646 1882 774 1929 judice
814 1892 902 1918 vero
941 1884 1166 1918 structuram
1211 1893 1288 1919 non
1332 1882 1400 1918 rite
1439 1880 1614 1930 exposuit

81 1953 252 2001 lititzing3
284 1952 432 2000 qualem
464 1951 642 1989 nimirum
673 1950 889 1997 Ki'itzingius
918 1949 1000 1998 ipse
1032 1949 1069 1986 in
1102 1948 1189 1986 Tab.
1210 1949 1274 1999 69,
1305 1950 1391 1996 Lec
1411 1948 1497 1986 Tab.
1516 1947 1616 1997 65‚1

80 2019 217 2057 eximie
256 2019 442 2069 exposuit,
485 2020 598 2056 talem
636 2021 862 2055 structuram
895 2018 931 2054 in
964 2016 1140 2055 omnibus
1179 2019 1339 2054 existere
1371 2020 1482 2066 puto,
1515 2028 1610 2065 pro-

79 2087 245 2124 vectiore
275 2090 381 2125 aetate
413 2087 584 2137 coccidii,
616 2086 912 2135 gemmidiorum
944 2085 1037 2122 situs
1069 2097 1145 2123 non
1179 2085 1276 2122 bene
1309 2085 1542 2134 observatur,
1574 2088 1610 2120 et

78 2155 128 2193 de
172 2158 356 2193 structura
390 2155 506 2192 facilis
545 2166 665 2192 error.
738 2153 841 2191 [laud
873 2154 998 2202 itaque
1029 2153 1195 2200 analysin
1228 2152 1401 2202 coceidii,
1436 2151 1525 2190 Ταῦ.
1561 2152 1611 2189 68

79 2225 129 2262 ΙΙ.
162 2225 197 2262 in
216 2222 562 2271 Phycol.1{i··1tzingii
582 2222 717 2271 datam,
749 2222 955 2270 legitimam
986 2232 1195 2269 agnoscere
1226 2220 1424 2258 voluerim.
1456 2219 1490 2256 Si
1510 2222 1610 2255 extra

80 2295 251 2330 centrum
281 2291 400 2330 sectio
432 2290 591 2329 coecidii
631 2291 741 2328 dueta
773 2290 1006 2340 observatur,
1038 2291 1209 2339 placenta
1240 2301 1259 2326 a
1291 2289 1368 2325 basi
1402 2289 1544 2325 elevata
1576 2291 1612 2324 et

79 2361 159 2397 sere
192 2359 228 2397 in
260 2359 388 2396 medio
421 2370 602 2408 suspensa
635 2358 818 2408 cernitur,
850 2359 1009 2395 sormam
1043 2358 1198 2405 fructus,
1230 2367 1341 2404 quam
1372 2354 1609 2391 dielinidiuin

80 2426 284 2476 nominavi,
314 2427 514 2464 mentiens.
574 2428 656 2475 lpse
688 2427 758 2463 lioc
788 2426 904 2463 modo
937 2426 974 2463 in
1008 2435 1179 2462 errorem
1212 2424 1387 2460 inductus
1414 2422 1609 2472 sui,quum

80 2494 156 2532 Del.
191 2497 386 2531 rostratam
417 2494 464 2531 ad
495 2494 682 2531 Gelidieas
712 2494 909 2530 referrem.

191 2561 344 2610 Species
376 2562 484 2608 liujus
515 2561 664 2609 generis
695 2564 774 2597 tum
804 2571 938 2598 zonam
972 2560 1158 2609 frigidam,
1191 2562 1267 2596 tum
1289 2557 1612 2607 temperatiorem,

81 2628 257 2667 arcticam
298 2632 335 2666 et
363 2629 606 2666 antarcticum
638 2628 834 2677 utriusque
867 2628 999 2665 oceani
1033 2631 1230 2676 occupant.
1290 2625 1485 2665 Nonnullae
1517 2637 1610 2673 spe-

81 2697 157 2734 cies
197 2696 260 2734 uni
299 2699 355 2735 vel
387 2697 492 2734 alteri
524 2697 649 2748 priva),
685 2696 764 2734 aliae
796 2697 834 2734 in
866 2700 1027 2744 utroque
1059 2707 1204 2733 oceano
1238 2696 1434 2744 utriusque
1466 2693 1609 2731 hemis-

82 2767 214 2814 pliaerae
245 2765 397 2813 degunt.

192 2832 408 2871 Secundum
447 2843 619 2870 normam
661 2831 942 2870 ramilic:itionis
979 2831 1132 2881 Species
1170 2830 1342 2880 sequenti
1380 2829 1496 2868 modo
1527 2828 1609 2866 dis-

82 2900 269 2950 ponendae
301 2901 492 2938 videntur:
