1895 3208
96 160 427 207 ll'ormslce‘oldia.
702 163 989 207 Ruonrusxtrffl.
1526 167 1584 207 40
1593 168 1615 208 7

85 298 232 347 apicem
263 307 456 347 percursa,
488 296 670 345 venisque
701 309 719 334 a
752 300 855 335 costa
893 296 1079 346 pinnatim
1111 296 1396 345 egredientibus
1428 298 1621 337 instructa.

85 368 194 403 Venae
240 365 467 414 plerumque
512 363 716 415 simplices,
764 365 999 402 rectiusculac
1043 367 1080 401 et
1126 365 1326 414 parallelae,
1371 375 1471 402 nunc
1516 366 1620 402 renis

85 431 318 470 secundariis
358 431 486 479 paucis
525 431 666 469 obsitae.
725 432 841 469 Senili
873 435 980 470 rotate
1014 432 1150 469 lamina
1183 432 1384 470 dilacerata
1418 434 1619 484 evanescit,

85 501 274 547 costreqne
313 497 511 535 denudatae
551 502 614 536 aut
652 502 795 536 tantum
829 500 974 537 lamium
1005 500 1174 547 partibus
1206 500 1341 538 laceris
1373 499 1502 538 obsitae
1533 511 1619 538 ma-

84 569 186 604 nent.
260 565 401 603 Foliola
447 576 542 603 nova
575 578 593 603 a
627 569 728 604 costa
775 569 915 604 vetusta
963 568 1208 617 proveniunt,
1252 569 1321 605 alia
1368 568 1518 618 fertilia,
1549 569 1620 605 alia

83 632 224 670 sterilia
269 633 405 670 fronde
447 633 587 671 decora
619 633 773 682 stirpem
808 637 990 672 vetustam
1021 637 1214 672 ornatura.
1275 634 1417 672 Foliola
1450 634 1618 683 capsuli-

84 702 161 738 fera
205 711 318 750 saepe,
363 701 391 738 si
440 712 517 738 uon
562 712 727 751 semper,
772 701 927 739 disticha
975 705 1012 738 et
1050 703 1135 739 loco
1168 702 1314 739 lamina!
1345 702 1622 753 provenientia,

82 769 287 818 aliquando
319 769 472 806 densius
503 771 721 817 aggregata3
753 769 1027 818 spbaerosporis
1058 771 1192 806 onusta
1224 770 1336 818 paulo
1356 769 1500 820 latiora,
1519 769 1620 806 obo-

82 841 175 887 vata,
206 836 362 874 densius
393 841 603 885 aggregata.

194 930 356 964 Stratum
390 926 547 963 interius
581 925 725 963 frondis
757 925 901 962 cellulis
933 924 1120 974 plurimis,
1152 924 1435 972 angustioribus
1454 929 1490 964 et
1505 927 1619 965 elon-

84 995 188 1044 gatis,
220 1004 309 1042 vage
341 993 544 1030 contractis
575 995 613 1029 et
642 992 802 1029 dilatatis
835 993 1094 1040 constituitur3
1133 992 1374 1040 superficiem
1406 1004 1534 1032 versus
1564 997 1618 1033 lise

84 1063 227 1100 cellutoe
259 1061 455 1099 breviores
487 1063 524 1097 et
555 1060 761 1097 crassiores
794 1060 975 1109 evadunt3
1020 1060 1279 1108 superficiales
1310 1061 1455 1098 caeteris
1486 1061 1619 1100 mino-

83 1140 153 1166 res.
212 1128 364 1166 Cellulae
395 1127 812 1176 rotundato-angulatoe
845 1128 1023 1165 laminam
1055 1128 1235 1165 efficiunt.

192 1217 431 1267 Cystocarpia
475 1219 513 1255 in
558 1218 684 1266 stipite
731 1217 834 1254 tenui
880 1218 1113 1268 terminalia,
1160 1218 1317 1265 globosa
1364 1221 1402 1254 et
1445 1218 1617 1266 margine

83 1287 230 1326 lamime
273 1287 408 1337 cincta,
450 1289 633 1334 quantum
678 1284 787 1322 video
831 1286 966 1323 clausa.
1026 1285 1283 1334 Pericarpium
1314 1296 1496 1336 erassum,
1528 1286 1618 1335 plu-

83 1356 189 1394 rimis
233 1354 404 1392 seriebus
449 1355 670 1391 cellularum
717 1353 1046 1390 concentricarum
1092 1353 1308 1403 formatum,
1340 1352 1485 1389 cellulis
1517 1353 1620 1390 inte-

82 1422 249 1462 rioribus
280 1421 497 1459 laxioribus.
537 1422 707 1458 l‘lacenta
739 1421 1245 1469 centralisquoquoversum
1264 1421 1322 1458 tila
1342 1420 1621 1467 gemmidiifera

82 1491 274 1529 articulata
320 1489 509 1527 emittens,
589 1487 799 1525 Geminidia
853 1488 949 1525 intra
994 1488 1176 1525 articulos
1223 1487 1393 1535 singulos
1435 1487 1621 1538 plurima,

82 1559 214 1595 iterata
246 1556 435 1594 divisione
468 1554 778 1592 endoebromatis
811 1558 905 1604 orta,
938 1558 1050 1603 atque
1081 1556 1187 1592 nullo
1221 1554 1355 1592 ordine
1381 1555 1620 1592 intramem-

81 1626 236 1662 branam
269 1622 495 1672 pellucidam
530 1622 769 1671 conglobata,
801 1622 1000 1670 pressione
1033 1625 1160 1659 mutua
1194 1621 1620 1670 rotundato-angulata3

81 1693 296 1730 inmaturo
337 1691 458 1728 fructu
499 1690 874 1737 conglomerationes
914 1689 1140 1727 uvaesormos
1178 1688 1384 1726 obconicas
1424 1688 1620 1738 plurimas,

82 1761 293 1809 placentam
325 1757 571 1795 circumcirca
604 1757 806 1805 dispositas
838 1757 1054 1794 formantia.
1114 1756 1393 1805 Spbaerosporae
1419 1755 1455 1792 in
1475 1755 1620 1793 cellulis

82 1824 489 1875 infra-epidermaticis
520 1825 852 1873 sporoplnyllorum
884 1824 1055 1861 evolutae.

193 1907 333 1954 Genus,
366 1903 561 1951 Ktitzingio
592 1902 704 1951 duce,
735 1913 755 1939 a
788 1902 996 1940 Delesseria
1029 1904 1259 1950 separatum,
1286 1912 1461 1950 cumqua
1494 1902 1618 1938 babitu

83 1976 121 2010 et
151 1971 320 2021 pluribus
366 1971 467 2008 notis
509 1970 554 2007 ita
598 1969 791 2016 convenit,
831 1972 869 2006 ut
901 1980 947 2006 an
975 1970 1062 2016 jure
1093 1968 1314 2006 distinctum
1344 1970 1403 2021 sit‚
1434 1970 1498 2007 diu
1530 1982 1619 2007 sane

83 2039 349 2077 dubitaverim.
423 2040 644 2087 Comparata
689 2047 778 2074 vero
825 2037 950 2074 nuclei
996 2036 1329 2084 t‘lystocarpioruln
1374 2037 1411 2074 in
1456 2040 1619 2086 utroque

83 2118 226 2155 genere
268 2108 468 2155 structura,
507 2106 648 2142 fructus
688 2106 754 2142 lios
785 2104 830 2141 ad
863 2105 1055 2142 diversum
1089 2104 1247 2141 omnino
1279 2108 1405 2155 typum
1438 2106 1619 2143 formatos

83 2175 205 2213 video.
237 2173 474 2222 Cystocarpia
508 2173 544 2210 in
577 2173 786 2210 Delesscria
803 2176 889 2210 sunt
907 2172 1417 2223 depresso-lien]isplucrica‚
1449 2174 1620 2221 placenta

82 2254 193 2292 supra
235 2241 392 2279 fundum
436 2241 601 2278 basalem
633 2251 810 2289 expansa,
842 2241 910 2277 tilis
943 2239 1234 2287 gemmidiiferis
1265 2240 1372 2288 apice
1403 2240 1523 2277 saltim
1557 2240 1620 2276 in-

83 2310 201 2346 vicem
235 2309 375 2359 liberis,
408 2307 624 2356 gemmidiis
656 2308 693 2344 in
726 2308 891 2344 articulis
924 2308 1074 2344 filorum
1107 2306 1268 2356 seriatis‚
1300 2306 1488 2374 tgrminali
1521 2318 1620 2355 pra·-

84 2377 238 2413 cociore
269 2376 449 2424 obovato;
481 2386 563 2423 qum
594 2375 722 2412 omnia
754 2386 840 2412 cum
872 2376 995 2411 fructu
1015 2373 1315 2411 Wormskioldiae
1334 2376 1469 2411 nostra}
1488 2385 1619 2421 parum

85 2443 329 2481 conveniunt.
400 2443 434 2479 Si
479 2442 605 2490 itaque
646 2443 883 2479 characteres
914 2454 933 2479 a
964 2444 1150 2478 structura
1189 2441 1415 2490 Cystocarpii
1456 2441 1619 2477 desumti

84 2510 288 2560 plurimum
331 2509 366 2547 in
406 2509 487 2546 aliis
524 2509 728 2556 generibus
766 2510 925 2559 valeant,
964 2509 1036 2545 boc
1072 2512 1356 2556 consequenter
1385 2519 1540 2557 quoque
1572 2508 1619 2544 de

82 2577 294 2616 Delesseria
326 2581 364 2614 ct
394 2576 685 2614 Wormsltioldia
719 2577 988 2614 assumendum
1021 2580 1204 2625 putarem.

196 2655 529 2694 Wormslsioldiam
578 2654 723 2703 itaque,
769 2654 841 2690 lide
886 2657 1082 2691 structurze
1129 2653 1370 2703 cystoexnpii,
1415 2665 1487 2691 una
1533 2666 1617 2691 cum

67 2723 277 2762 'Plocamio
321 2723 440 2770 magis
486 2721 531 2758 ad
578 2720 873 2767 Rbodymeniam
921 2725 957 2757 et
1003 2721 1119 2758 immo
1165 2720 1372 2768 Spyridiam
1420 2731 1532 2768 quam
1573 2721 1618 2757 ad

85 2788 316 2828 Delesserias
354 2790 519 2837 reliquas
557 2788 738 2825 affinitate
770 2789 954 2826 accedere
988 2792 1092 2837 puto.
1152 2787 1372 2826 Delasset-ize
1404 2798 1493 2825 vero
1524 2800 1618 2825 ana-

86 2858 169 2905 loga
200 2860 415 2906 censeatur,
455 2848 592 2893 eodc'm
621 2856 708 2902 jure
739 2867 814 2903 quo
849 2857 1091 2906 l'byllopbora
1124 2860 1162 2893 ct
1192 2854 1470 2904 Cryptonemia‚
1501 2858 1619 2892 Cera-

85 2922 201 2960 mium
235 2926 273 2960 et
302 2924 470 2972 Spyridia
504 2926 785 2972 comparentur.
