1895 3208
68 139 335 199 Corallopsis.
635 143 1016 188 SPHAEROCOCCOmEAE.
1501 126 1592 190 583

65 274 239 317 laterales,
272 272 418 317 crelirm,
456 274 735 318 liennsphaerioae
769 277 990 310 continentes
1027 277 1257 319 glomernlnm
1292 278 1439 322 filorum,
1466 280 1498 312 in
1526 289 1593 321 qno

64 333 265 366 nidulantur
289 333 421 366 semina
451 333 697 377 luscescentia,
725 335 878 378 elliptica
906 336 956 368 vel
985 337 1180 377 angulata.‘'

156 389 399 430 Fragmentum
439 395 644 435 speciminis
684 403 725 427 ex
764 395 886 427 insulis
924 394 1088 428 Marianis
1126 397 1158 428 in
1200 395 1300 429 Herb.
1335 396 1396 437 Ag.
1423 400 1592 441 servatur,

65 448 157 491 qnod
184 451 297 482 utrum
324 451 442 492 planta
463 439 627 492 jui'cnilis
654 461 695 485 an
723 453 861 494 species
888 453 1024 485 diversa
1049 454 1096 486 sit
1121 463 1215 495 aegre
1242 454 1462 496 dijudicatur.
1500 454 1593 488 Sim-

62 507 188 549 plicior
219 506 356 539 videtur
390 512 425 540 et
458 510 592 542 articuli
628 510 670 542 ad
705 510 803 543 basin
832 510 945 544 miuus
973 513 1155 544 attenuati.
1206 511 1387 544 Varietatis
1415 512 1458 545 ad
1484 514 1593 546 instar

62 566 97 597 in
130 563 186 608 Sp.
221 564 291 608 Aly.
327 569 561 600 enumeratur.
594 586 637 591 —a
671 566 746 601 Sec.
780 566 887 600 Mart.
919 566 968 601 Fl.
1002 566 1106 602 Bra-v.
1129 578 1165 611 p.
1196 568 1237 601 40
1265 569 1306 602 ad
1334 578 1413 602 oras
1438 570 1592 604 Brasiliae

61 622 308 656 meridionales
334 633 474 667 quoque
500 626 658 668 inventa,
685 635 727 659 an
755 626 900 659 eadem?

61 726 97 766 2.
131 733 166 767 C.
198 738 344 767 CACMJA
377 729 430 775 (J.
463 732 529 778 Ay.
561 735 696 779 mser.)
738 733 874 770 fronde
917 732 1065 770 inferne
1097 733 1276 771 continua
1308 745 1399 782 vage
1429 735 1590 773 decom-

171 798 489 848 posito-ramosa,
528 800 642 837 ramis
677 801 723 837 ad
764 801 869 838 basin
912 813 1045 850 parum
1081 802 1297 851 attenuatis,
1327 803 1590 851 superioribus

170 865 622 916 articulato-constrictis,
664 868 816 905 ramulis
857 869 1071 906 lateralibus
1110 873 1173 906 aut
1202 869 1247 906 ab
1278 870 1383 919 apice
1415 870 1591 908 solitariis

168 932 377 980 geminisve
408 934 721 973 cluvaesoimibns.

168 1010 254 1048 llab.
288 1011 323 1048 in
355 1013 450 1049 mari
486 1011 614 1049 rubro.

149 1087 258 1122 Frons
284 1090 374 1123 lif-5
399 1089 588 1132 pollicaris,
616 1089 778 1122 crassitie
804 1098 930 1131 pennae
957 1092 1123 1134 corvinae,
1150 1090 1284 1124 inferne
1311 1093 1530 1134 cylindracea
1557 1098 1592 1127 et

55 1147 147 1181 baud
181 1149 386 1192 constricta,
419 1149 524 1181 ramis
562 1157 647 1189 vage
682 1148 808 1181 obsita.
865 1147 961 1182 Rami
991 1149 1166 1191 juveniles
1199 1150 1589 1186 articulato-const-ricti

55 1210 149 1241 etex
171 1210 332 1241 truncato
350 1208 480 1240 vertice
495 1207 646 1240 ramulos
665 1206 764 1250 l-2,
784 1207 857 1240 basi
875 1210 1087 1252 attenuatos,
1102 1218 1241 1241 sursum
1257 1210 1471 1242 incrassatos
1487 1212 1590 1244 emit-

55 1268 189 1309 tentes,
215 1266 310 1299 basis
336 1269 453 1299 antem
479 1268 658 1299 attenuata
685 1274 766 1299 cum
791 1268 895 1299 aetate
922 1268 1076 1302 crassior
1102 1267 1251 1299 evadere
1278 1267 1414 1300 videtur
1435 1269 1470 1300 et
1483 1270 1588 1301 stric-

55 1327 143 1358 turae
181 1325 426 1358 obsoletiores.
488 1324 652 1357 Coccidia
694 1325 833 1360 generis
873 1333 976 1366 snpra
1005 1324 1180 1366 descripta
1207 1326 1240 1357 in
1269 1325 1333 1358 bac
1360 1326 1481 1367 specie
1508 1327 1588 1360 vidi.

54 1383 156 1416 Color
181 1387 216 1417 et
241 1383 435 1417 substantia
462 1384 602 1425 prioris.

146 1441 281 1475 Fronde
319 1443 497 1485 continua,
536 1450 621 1482 vage
661 1450 812 1484 ramosa,
852 1442 1064 1484 ramulisque
1104 1450 1121 1474 a
1161 1443 1290 1475 vertice
1328 1442 1493 1475 solitariis
1530 1444 1590 1475 aut

54 1501 213 1545 geminis,
247 1509 264 1533 a
296 1502 403 1542 priori
442 1500 543 1533 facile
578 1501 808 1541 dignoscitur.
865 1500 1009 1543 Nomen,
1037 1501 1211 1543 quandam
1237 1510 1316 1535 cum
1342 1501 1474 1534 Kleinia
1502 1504 1587 1535 arti-

54 1561 168 1595 culata
195 1560 389 1600 analogiam
416 1559 588 1601 indicans,
616 1560 777 1602 exemplo
804 1568 822 1592 a
848 1559 1036 1592 Mertensio
1065 1562 1231 1603 mutuato,
1260 1560 1352 1594 dedi.

54 1655 88 1694 3.
119 1658 156 1693 C.
188 1656 349 1692 [lavimini
382 1653 525 1699 (Monc.
558 1653 639 1702 Δίῃ.
672 1655 757 1692 Ant.
791 1654 931 1692 Prodr.
956 1666 996 1703 p.
1029 1650 1072 1700 7)
1109 1654 1244 1692 fronde
1277 1655 1426 1693 inferne
1457 1654 1585 1692 conti-

163 1734 236 1761 nua
268 1732 358 1769 vage
389 1721 848 1772 decomposita-ramosa,
880 1721 993 1759 ramis
1024 1721 1068 1758 ad
1103 1721 1205 1759 basin
1224 1733 1357 1770 parum
1373 1723 1585 1772 attenuatis,

163 1789 425 1839 superioribus
469 1790 932 1841 articulato-constrictis,
978 1789 1129 1828 ramulis
1175 1790 1388 1827 lateralibus
1432 1794 1495 1827 aut
1539 1790 1584 1827 ab

162 1858 270 1908 apice
308 1857 499 1909 solitariis,
537 1869 648 1908 supra
692 1858 921 1908 perlicellum
963 1858 1120 1907 abrupte
1152 1856 1312 1895 dilatatis
1344 1857 1583 1906 pyramidatis

162 1925 380 1976 spinulosis.

145 2003 384 2046 Hydropuntia
423 2002 560 2036 Urvillei
598 2001 706 2036 Monl.
745 2002 766 2036 l.
800 2013 829 2036 c.
863 2000 942 2046 l'oy.
975 2002 1045 2037 Pol.
1071 2001 1153 2036 Sud.
1175 2012 1212 2047 p.
1241 2003 1318 2038 466.
1346 2002 1394 2036 Pl.
1423 2006 1435 2036 t
1464 2002 1519 2048 fiq.
1550 2005 1582 2037 ll

52 2061 152 2096 Isim.
178 2060 234 2105 Sp.
262 2061 333 2105 Alq.
355 2071 391 2105 p.
418 2062 502 2094 75¹2!

164 2133 251 2172 Hab.
279 2133 323 2171 ad
354 2133 514 2169 insulam
545 2132 652 2170 'l'oud
685 2131 720 2169 in
756 2132 853 2170 freto
892 2135 1030 2171 'forres
1065 2132 1261 2178 (D’tlrvillc
1293 2136 1329 2170 et
1360 2133 1583 2180 llonibron).

144 2211 271 2245 Radix:
304 2200 425 2244 discus
463 2210 630 2242 minutus.
688 2209 795 2242 Frons
828 2209 1220 2252 corneo-cartilaginea,
1246 2210 1480 2253 semipedalis,
1506 2211 1581 2244 basi

52 2272 157 2310 teres,
188 2278 313 2312 pennae
346 2270 519 2302 anserinae
548 2269 720 2310 crassitie,
748 2270 781 2300 in
810 2269 906 2301 sicco
933 2268 1131 2311 durissima,
1158 2276 1279 2309 parum
1307 2270 1441 2311 flexilis,
1469 2270 1582 2310 longi-

53 2332 203 2361 trorsum
232 2336 357 2369 rugosa
385 2328 600 2369 sulcataque,
635 2336 715 2359 mox
742 2335 760 2358 a
787 2326 862 2359 basi
890 2328 949 2358 aut
974 2326 1070 2358 brevi
1097 2329 1179 2368 post
1204 2326 1421 2359 intervallum
1449 2326 1581 2359 inordi-

52 2389 132 2419 nate
166 2386 419 2419 ramosissima.
474 2385 572 2418 Rami
608 2386 684 2425 vagi
717 2386 838 2427 erecti,
867 2385 1025 2427 juniores
1052 2394 1070 2416 c
1097 2384 1171 2416 basi
1199 2386 1405 2418 tenuissima
1431 2385 1579 2418 lilisornii

52 2445 163 2485 fragili
196 2445 328 2477 sensim
366 2445 563 2486 incrassati,
598 2444 834 2486 subangiilati,
869 2444 1004 2484 angulis
1032 2443 1194 2485 dentatis,
1222 2444 1322 2484 apice
1349 2444 1381 2475 in
1409 2443 1580 2484 appendi-

53 2513 128 2536 cem
154 2502 404 2546 pyramidalem
433 2501 615 2544 abeuntes,
642 2501 794 2543 tandem,
822 2501 999 2542 morphosi
1028 2502 1242 2543 continuata,
1270 2501 1359 2533 cauli
1387 2501 1439 2533 vel
1468 2501 1578 2534 frondi

51 2562 228 2605 primariae
256 2560 467 2594 conformes.
525 2558 606 2592 Haec
634 2560 749 2591 autem
776 2559 975 2591 terminatio
1004 2566 1178 2590 ramorum
1205 2558 1350 2590 sormam
1378 2558 1490 2591 induit
1515 2568 1579 2601 py-

52 2620 195 2653 ramidis
222 2622 332 2651 tetra-
359 2620 418 2650 aut
442 2617 658 2659 pentaedrce,
688 2626 705 2648 e
733 2618 856 2658 quovis
883 2617 1007 2657 angulo
1033 2617 1210 2658 paululum
1237 2616 1371 2648 deflexo
1398 2617 1579 2660 amneque,

51 2679 226 2712 interdum
260 2680 295 2710 et
320 2685 339 2709 e
365 2675 580 2717 marginibus
614 2674 694 2707 solia
727 2675 867 2707 omnino
902 2674 1095 2706 consimilia
1122 2673 1372 2716 protrudi-ntis.
1423 2675 1578 2713 Quodvis

53 2735 172 2769 solium
207 2738 243 2769 ut
273 2745 366 2768 mera
398 2735 605 2777 prolificatio
633 2733 842 2776 habendum,
870 2733 944 2765 basi
972 2734 1148 2765 attenuata
1175 2732 1324 2765 tilisormi
1352 2733 1578 2775 subpediccl-
1601 2774 1603 2778 Α

53 2795 170 2838 latum,
206 2795 268 2828 hos
301 2795 452 2827 murices
487 2791 630 2834 ferreos,
663 2791 802 2834 quibus,
835 2801 878 2823 ne
905 2792 1081 2833 equitatus
1107 2790 1263 2833 accedat,
1290 2790 1401 2824 solum
1430 2792 1577 2824 stratum

52 2855 183 2896 tenent,
217 2861 285 2886 non
319 2853 408 2885 male
439 2851 556 2884 refert.
605 2850 806 2884 Substantia
834 2851 1070 2892 cartilaginea,
1098 2851 1192 2883 sicca
1219 2851 1412 2893 contracta,
1437 2859 1576 2883 cornea.

54 2910 155 2943 Color
182 2912 216 2943 in
241 2911 326 2951 Alga
352 2910 580 2957 vix·a‚pallide
606 2909 726 2942 viridis
752 2909 1027 2952 subssax'escenS,
1059 2910 1092 2942 in
1119 2909 1297 2943 exsiccata
1323 2908 1474 2942 obscure
1499 2917 1577 2942 sor-
