1895 3208
79 129 377 189 Nitoplzyllum.
650 129 1031 171 Sruffinococcoinssffi.
1174 138 1180 143 ·
1505 129 1597 167 669

172 265 257 306 Quae
294 266 328 297 in
365 262 602 303 descriptione
641 260 839 303 llarreyaua
878 268 989 302 pauca
1028 260 1264 302 discrepantia
1302 267 1319 291 a
1351 259 1481 291 nostris
1521 257 1600 299 xidi,

79 324 331 370 speciminibus
358 323 467 361 magis
495 320 678 362 completis
706 319 797 352 illius
824 318 1008 352 tribuenda
1034 320 1165 360 putavi.

172 382 370 425 Specimina
400 384 528 423 nostra,
556 389 624 412 non
651 378 836 411 admodum
858 379 1041 420 completa‚
1057 379 1212 420 speciem
1228 376 1265 409 N.
1283 377 1393 411 llilliae
1407 379 1601 421 proximam

80 443 234 476 indicare
260 442 430 476 videntur.
479 439 651 472 Differunt
677 438 718 470 ab
746 437 810 470 hac
837 438 956 479 speeie
983 436 1090 469 forma
1118 437 1270 477 generali
1297 435 1429 469 frondis
1456 438 1490 469 et
1509 445 1603 477 prse-

80 501 183 541 eipue
216 500 317 542 soris,
352 500 408 541 qui
446 499 552 531 multo
587 497 734 538 majores
762 497 842 529 sunt
868 504 970 537 quam
997 496 1030 527 in
1059 495 1113 526 illa
1139 495 1270 535 specie.
1320 495 1344 526 Α
1370 493 1408 527 N.
1438 494 1602 527 undulato

81 558 176 592 lititz.
203 560 394 601 praesentia
421 566 586 590 venarum
613 558 648 589 et
672 554 781 588 forma
808 554 961 595 generali
989 553 1120 585 frondis
1147 552 1295 585 dix‘ersa.

78 685 141 724 2⁴.
172 688 211 724 N.
244 688 535 723 Guirrirnsmxun
572 681 708 727 (Sulir.
742 681 822 718 Bol.
854 679 955 719 Zeit*
983 691 1021 728 p.
1053 679 1149 726 ⁶260)
1181 679 1308 728 stipite
1340 678 1440 715 brevi
1459 681 1603 715 costato

189 752 227 788 in
260 751 433 789 frondem
464 750 570 788 venis
596 749 722 798 paucis
738 746 1354 786 dicliotomo-anastomosantibus
1372 747 1519 785 inferne
1537 758 1606 784 ve-

191 832 320 859 nosam
336 820 536 866 oblongam
553 817 722 865 margine
740 816 1111 864 undulato-crispam
1126 815 1301 864 abeunte,
1319 813 1415 852 soris
1432 814 1605 862 oblongis

191 887 401 926 rotundatis
432 885 687 932 coccidiisque
718 895 787 932 per
818 886 961 932 partem
994 883 1138 920 frondis
1169 882 1384 920 undulatam
1418 883 1566 931 sparsis.

172 964 369 997 Delesseria
395 961 584 996 Griffitlisia
610 959 713 993 Sedit.
741 960 761 994 l.
788 960 841 993 c!
864 958 964 992 It'tltz.
990 968 1040 1002 sp.
1064 968 1098 1002 p.
1126 958 1207 991 860!

190 1035 276 1073 Hah.
310 1034 348 1071 in
381 1045 527 1072 oceano
558 1032 714 1082 pacifico
746 1030 896 1069 australi
928 1030 972 1068 ad
1006 1029 1218 1079 Valparaiso
1251 1029 1334 1076 (Ill).
1368 1030 1556 1077 Binderl).

172 1113 197 1145 E
223 1112 298 1145 basi
336 1111 458 1145 conica
496 1110 614 1152 plures
647 1109 856 1151 proveniunt
881 1107 1023 1140 frondes
1048 1106 1362 1148 4—6-pollicares.
1411 1107 1526 1150 Stipes
1553 1110 1607 1141 in-

80 1171 177 1204 ferne
203 1170 327 1213 nudus,
354 1172 463 1202 costae
490 1168 533 1201 ad
559 1169 667 1200 instar
693 1166 850 1200 frondem
884 1167 1101 1209 superiorem
1135 1166 1320 1207 percurrit.
1370 1165 1477 1199 Frons
1503 1167 1608 1209 polli-

80 1240 157 1264 cem
182 1231 261 1274 lata,
287 1227 501 1269 marginibus
529 1227 766 1267 maximopere
793 1225 981 1268 undulatis‚
1008 1224 1245 1265 irregulariter
1260 1223 1340 1255 fissa
1356 1226 1607 1267 autpraeeipue

80 1289 113 1320 in
140 1289 239 1330 parte
271 1288 453 1329 superiore
485 1284 765 1318 subdichotoma.
823 1284 972 1316 Laciniae
1000 1282 1148 1324 majores
1175 1291 1271 1325 saepe
1297 1284 1482 1325 oppositae.
1531 1284 1607 1317 Sori

80 1349 172 1385 (sec.
199 1346 318 1388 Suhr.)
344 1354 407 1387 per
433 1347 539 1378 totam
565 1344 789 1385 superficiem
814 1344 939 1385 sparsi.
988 1342 1090 1375 Color
1104 1342 1608 1384 exlateritio-purpurascens.

80 1404 283 1438 Substantia
309 1404 577 1438 membranacea
603 1402 676 1436 fere
701 1402 846 1435 lubrica.

173 1463 291 1496 Planta
328 1462 410 1495 mihi
450 1462 522 1495 sere
559 1463 688 1502 ignota.
752 1460 937 1503 Specimen
979 1460 1060 1492 olim
1095 1460 1128 1492 in
1154 1458 1218 1491 Hb.
1245 1458 1381 1492 Binderi
1409 1459 1489 1502 vidi,
1517 1459 1609 1501 quod

80 1523 196 1554 tamen
227 1529 295 1553 non
328 1522 459 1563 optime
494 1529 574 1552 cum
608 1519 845 1561 descriptione
879 1514 993 1552 Sulirii
1021 1526 1214 1559 congruum
1239 1518 1368 1550 inveni.
1418 1517 1609 1558 Diagnosin

81 1579 125 1613 ad
149 1579 216 1614 hoc
242 1582 419 1614 exaratam
446 1587 552 1622 supra
579 1579 816 1621 transscripsi.

439 1762 603 1814 Species
632 1761 795 1813 ¹ueneris
827 1759 1036 1812 affinitate
1066 1761 1239 1800 incerta.

83 1888 145 1929 ⁶2⁶2.
176 1891 217 1929 N.
249 1897 463 1927 VERSlCOLOR
494 1888 634 1934 [Harv.
674 1889 782 1926 Man.
818 1899 856 1936 p.
895 1887 965 1932 59)
1000 1887 1134 1926 fronde
1165 1885 1610 1925 crasso-membranacea

192 1969 211 1995 a
247 1958 372 2006 stipite
412 1958 521 1995 firmo
564 1956 1116 1994 cuneatim-subreniformiter
1153 1967 1314 2005 expansa
1355 1955 1613 2003 irregulariter

192 2024 484 2075 palmatilobata,
521 2024 727 2073 segmentis
768 2023 1182 2074 numento-linearibus,
1214 2022 1476 2061 terminalibus
1506 2033 1611 2059 mar-

193 2092 281 2140 gine
319 2103 419 2141 saepe
456 2093 598 2130 calloso
636 2091 848 2130 incrassatis
886 2091 996 2130 libras
1027 2092 1217 2142 simplices
1248 2102 1463 2129 ramosasve
1495 2091 1611 2128 emit-

195 2160 372 2199 tentibus.

177 2237 215 2270 N.
242 2237 432 2270 versicolor
458 2235 565 2270 Harv.
592 2237 613 2270 l.
641 2246 671 2270 c.
698 2237 731 2269 et
757 2234 894 2278 Pltycol,
920 2233 1010 2268 Brit.
1035 2234 1103 2269 tab.
1129 2234 1212 2269 IXJJ

176 2295 438 2339 Aglaophyllum
465 2296 654 2329 versicolor
679 2293 781 2328 It‘zitz.
807 2303 858 2338 sp.
879 2304 915 2338 p.
943 2295 1024 2328 868!

195 2368 283 2406 Hal).
315 2368 352 2405 in
384 2378 530 2405 oceano
569 2366 745 2405 atlantico
775 2364 819 2403 ad
852 2366 977 2403 littora
1015 2365 1212 2404 Britannice
1251 2366 1359 2412 (D:na
1397 2367 1612 2415 (lutumst),

88 2439 124 2473 et
153 2435 277 2472 Galliae
310 2437 481 2481 (Crouan
498 2435 535 2481 l).

179 2511 293 2554 Stipes
332 2509 661 2554 ¹s2—l-pollicaris‚
701 2510 826 2542 eximie
864 2517 1016 2552 crassus,
1057 2517 1237 2552 carnosus⁷
1275 2510 1516 2552 cylindraceus
1555 2513 1615 2543 ant

87 2570 254 2613 clavatus,
295 2570 394 2612 apice
432 2570 466 2601 in
505 2568 661 2601 frondem
700 2568 767 2600 late
800 2569 982 2600 cuneatum
1010 2569 1068 2600 aut
1095 2567 1328 2611 reniformem,
1356 2569 1612 2612 l—e-pollieos

33 2658 39 2665 ,
87 2629 201 2671 ultam,
228 2628 410 2661 latitudine
437 2627 650 2669 ampliorem,
677 2626 754 2668 plus
783 2626 895 2658 minus
922 2625 1093 2667 profunde
1117 2627 1407 2668 pinnatilobatam
1424 2636 1613 2668 expansus.

87 2688 274 2727 segmenta
313 2686 444 2729 brevia,
482 2684 822 2726 3-lineas-pollicem
860 2684 939 2726 lata,
977 2684 1304 2728 cuneato-linearia,
1339 2686 1447 2718 semel
1474 2689 1534 2720 aut
1560 2687 1613 2719 liis

87 2746 179 2788 tissa,
219 2753 295 2778 raro
332 2745 462 2786 pluries
503 2743 713 2776 dicliotoma.
772 2742 957 2783 segmenta
986 2743 1181 2775 terminalia
1207 2752 1224 2775 a
1251 2743 1325 2775 basi
1352 2743 1475 2776 latiore
1502 2753 1614 2785 angu-

89 2805 189 2846 stata,
216 2802 342 2835 obtusa
367 2804 427 2835 aut
452 2802 676 2843 emarginata,
703 2802 948 2842 marginesqne
975 2802 1124 2843 sparsim
1150 2800 1502 2844 calloso-incrassati,
1530 2811 1614 2844 pro-

88 2870 210 2894 cessus
236 2862 414 2894 liliformes
455 2868 611 2893 ramosos
649 2860 835 2892 cullulosos
873 2861 1085 2892 emittentes.
1151 2859 1252 2892 Color
1291 2861 1440 2893 recentis
1479 2869 1613 2900 roseus⁷

90 2920 252 2952 contactu
279 2928 377 2961 nquae
405 2919 517 2953 dulcis
544 2919 713 2953 citissime
740 2919 772 2951 in
799 2919 1038 2952 aurantiacum
1066 2918 1199 2964 abiens,
1220 2920 1613 2954 exsiccationeroseum
