1895 3208
68 169 416 216 Acatztleococcus.
716 176 957 219 lthmcmz.
1508 184 1565 225 43
1574 185 1599 224 5

179 306 263 343 tulis
296 305 481 356 plurimis,
512 307 757 355 parietalibus
789 313 825 346 et
857 310 1029 360 internis,
1050 310 1296 352 tascicatatim
1314 314 1600 362 egredientibus

178 373 392 412 constituta.
452 374 761 424 Splaoerosporoe.
795 408 802 414 .
837 406 844 414 .
877 408 884 415 .

179 464 347 502 Frondes
378 470 881 517 carneo-purpurascentes,
912 468 1164 521 subeat-nosa‘,
1184 482 1314 519 parum
1334 472 1599 523 cartilaginem,

70 532 148 569 lere
193 532 403 582 tililormeS,
449 533 700 569 teretiusculze
746 537 809 570 aut
854 535 987 571 lexiter
1032 548 1279 587 eompressoe,
1325 540 1598 578 ramificatione

66 610 167 636 nunc
213 600 329 647 magis
373 600 604 650 dieliotoma,
650 611 751 637 nunc
799 604 1005 652 ramulosa,
1054 606 1167 642 ramis
1214 608 1353 644 ultimis
1397 610 1598 646 attenuatis

66 666 405 715 spinulilormibus.
480 668 608 705 Stratis
653 668 734 705 scre
780 668 965 706 distinctis
1003 671 1120 707 tribus
1161 674 1453 713 constituuntur.
1514 680 1597 714 Me-

64 732 210 770 dullare
249 734 318 770 litis
357 734 474 771 laxius
505 734 697 783 dispositis
729 736 914 782 elongatis
947 737 1176 776 dichotomis
1208 744 1244 776 et
1276 746 1598 781 anastomosanti-

65 799 146 850 bus,
191 801 409 841 articulatis,
453 801 620 839 articulis
669 803 918 848 cylindraceis
963 804 1152 842 diametro
1197 810 1316 845 multo
1349 809 1598 860 longior-ilum,

64 867 182 904 canali
229 869 400 906 colorato
447 869 657 917 percursis,
704 873 862 907 constat.
944 873 1217 911 lutermediuin
1263 876 1408 914 cellulis
1452 880 1598 925 magnis

60 934 273 972 rotundatis
304 939 367 972 aut
399 936 725 983 longitudini-aliter
756 938 954 986 elongatis,
986 939 1175 989 oblongis,
1206 944 1447 990 superliciem
1468 956 1596 982 versus

59 1001 284 1050 minoribus,
329 1006 546 1039 contextum
595 1007 660 1041 est.
738 1006 983 1053 superliciale
1028 1010 1184 1044 stratum
1228 1009 1375 1047 cellulis
1407 1013 1598 1062 coloratis,

59 1069 498 1120 ungulato-rotundatis,
549 1070 768 1119 subsingnla
814 1073 913 1109 serie
959 1073 1174 1124 dispositis,
1219 1076 1436 1114 contlatum.
1521 1080 1596 1117 Fila

57 1135 160 1172 strati
207 1135 427 1174 medullaris
472 1138 653 1175 arcuatim
686 1151 705 1175 a
737 1142 870 1177 centro
916 1145 1122 1178 excurrunt
1167 1142 1267 1180 inter
1308 1145 1462 1183 cellulas
1493 1148 1596 1183 strati

57 1202 189 1252 medii,
235 1208 272 1241 et
315 1205 480 1254 parietes
525 1207 658 1244 harum
700 1207 846 1245 cellulis
878 1209 1033 1247 minutis
1065 1211 1277 1248 rotundatis
1309 1212 1596 1262 circumdantia,

57 1269 224 1318 denique
270 1272 416 1309 cellulis
461 1274 764 1321 superficialibus
808 1276 1001 1314 terminari
1043 1278 1227 1316 videntur.
1287 1281 1524 1329 (Vlystocarpia
1558 1282 1596 1318 in

59 1348 132 1375 una
177 1339 319 1389 speeie,
351 1352 369 1376 a
401 1351 461 1377 ine
509 1341 720 1391 obseriata,
763 1343 808 1380 ad
857 1343 986 1382 basem
1034 1346 1265 1384 raimilorum
1309 1347 1594 1396 ticinisptiaerice

57 1406 333 1455 prominentia3
380 1407 417 1444 in
458 1407 588 1459 altera,
618 1422 638 1446 a
671 1411 847 1449 llookero
879 1415 916 1448 et
949 1415 1086 1460 llarvey
1117 1414 1320 1465 descripta,
1352 1415 1396 1452 ad
1431 1417 1595 1453 ramulos

58 1475 236 1524 lateralia,
268 1475 408 1512 aculeis
442 1477 610 1524 pluribus
642 1482 835 1516 coronata.
867 1481 1028 1518 Nucleus
1061 1481 1154 1518 iutra
1183 1483 1594 1532 pericarpium,‹pian-

58 1545 137 1578 tuin
168 1541 280 1579 video
312 1542 495 1593 clausum,
526 1545 649 1582 stratis
682 1547 936 1584 exterioribus
968 1549 1114 1585 frondis
1146 1554 1379 1600 contextum,
1406 1555 1594 1602 receptus,

57 1609 274 1657 gemmidiis
306 1610 478 1658 plurimis
510 1616 547 1648 et
577 1612 811 1651 densissimis
843 1616 1080 1653 constitutus.
1119 1617 1329 1654 ‹it—nimmia
1364 1619 1594 1656 rotundato-

58 1676 235 1727 oblonga,
277 1676 354 1714 basi
397 1678 658 1718 subattenuata
701 1685 764 1718 aut
795 1682 983 1730 pedicello
1015 1683 1237 1730 subltyalino
1269 1685 1387 1722 adtixa
1418 1690 1452 1721 et
1485 1687 1592 1734 peri—

56 1743 229 1782 dermate
260 1745 408 1792 hyalino
440 1746 585 1794 singula
619 1748 1053 1798 inclusa,aplacentulis
1081 1751 1325 1788 t'ascieulatim
1344 1753 1593 1801 egredientia,

56 1821 369 1860 quoquoversum
413 1814 608 1852 radiantia.
677 1817 901 1855 l‘lacentulae
948 1818 1132 1868 plurimzc,
1171 1821 1250 1857 aliae
1284 1821 1481 1868 parietales
1513 1822 1590 1858 cir-

57 1880 245 1917 cumcirca
290 1880 495 1932 dispositae,
542 1882 621 1920 aliae
667 1884 835 1922 medium
883 1887 1007 1923 nuclei
1038 1892 1280 1938 occupantes,
1311 1887 1478 1934 denique
1512 1888 1591 1925 t'ere

56 1945 184 1984 liberm
216 1946 411 1997 adparent.
469 1951 758 2000 Spluerosporas
790 1964 868 1990 non
901 1954 985 1992 vidi.

167 2041 359 2076 structura
391 2041 620 2089 Cystocarpii
654 2044 779 2079 Genus
810 2044 882 2080 lioc-
914 2044 1012 2081 inter
1050 2045 1303 2094 Cinctangiuln
1335 2049 1371 2082 et
1404 2049 1592 2095 llypneam

58 2104 329 2142 intermedium
374 2108 465 2144 milii
511 2107 629 2145 visum
677 2112 746 2159 est,
791 2110 917 2148 habitu
965 2116 1003 2148 et
1046 2116 1231 2150 structura
1276 2113 1419 2151 frondis
1451 2114 1496 2150 al)
1529 2114 1592 2150 illo

57 2184 201 2221 genere
246 2174 558 2213 diversissimum.
626 2179 702 2214 lloe
741 2182 916 2226 respectu
958 2191 1043 2216 cum
1077 2181 1318 2227 ‹33st‹›s·tonio
1350 2192 1426 2218 non
1460 2192 1591 2229 parum

57 2240 249 2287 convenit,
281 2245 317 2278 et
348 2243 544 2291 utriusque
576 2244 723 2292 species
754 2245 799 2281 ad
832 2245 930 2283 idem
964 2258 1083 2293 genus
1109 2249 1303 2296 pertinere
1322 2252 1359 2285 et
1387 2249 1591 2296 ipseautea

56 2307 265 2357 suspicatus
303 2320 399 2359 sum,
432 2313 468 2346 et
498 2311 626 2348 statuit
659 2312 826 2360 liiitzing.
893 2317 916 2351 Α
949 2316 1098 2361 Ηῃιηοι]
1138 2314 1262 2351 ditl'ert
1293 2318 1492 2363 structura,
1525 2315 1591 2350 tilis

57 2385 197 2424 nempe
230 2376 328 2413 inter
358 2379 511 2415 cellulas
542 2378 752 2426 majoribus
784 2381 1087 2430 excurrentibus,
1126 2385 1161 2416 et
1194 2382 1331 2418 nucleo
1364 2381 1590 2428 tltstocarpii

56 2444 176 2480 multo
221 2443 416 2495 densiore,
461 2447 684 2494 placentulis
731 2447 978 2496 parietatibus
1009 2452 1045 2484 et
1078 2448 1324 2485 interioribus
1362 2448 1590 2494 at›icu1nqu·.=

57 2509 339 2559 adproximatis.
410 2513 691 2563 Spliaerosporis
739 2514 890 2565 ignotis,
936 2525 982 2551 an
1016 2515 1053 2550 in
1093 2515 1147 2551 liis
1184 2525 1337 2562 quoque
1370 2514 1590 2551 ‹tillet-entiae

56 2576 192 2628 adsint,
223 2590 301 2617 non
333 2578 466 2628 liquet.

166 2671 399 2706 structuram
432 2670 574 2708 fructus
607 2671 643 2707 in
677 2682 748 2708 una
780 2672 922 2720 specie,
953 2680 1064 2718 quani
1096 2670 1214 2706 solam
1247 2670 1478 2707 fructiferam
1504 2670 1590 2719 ridi,

56 2733 252 2784 descripsi.
299 2737 472 2785 Reliquas
503 2739 650 2787 species
681 2739 846 2776 ducente
877 2740 1063 2774 structura
1097 2736 1468 2774 l‘rondislinei-etuti.
1517 2740 1589 2774 Nee.

56 2800 134 2838 scio
165 2814 210 2839 an
242 2814 360 2850 genus
392 2808 562 2842 nostrum
596 2816 680 2842 eum
715 2806 1137 2849 ltookero-llarvemno
1169 2806 1273 2840 certe
1300 2803 1588 2851 identicuinsi13

57 2869 234 2907 nucleum
267 2870 370 2908 enim
416 2871 538 2920 ipsum
582 2872 677 2908 liaud
710 2872 996 2919 descripserunt
1026 2874 1215 2921 auctores,
1246 2874 1283 2907 et
1313 2870 1473 2916 analysis
1503 2870 1588 2907 data

57 2932 217 2972 nimium
249 2937 365 2988 rudis,
397 2949 510 2986 quam
542 2941 581 2975 ut
611 2937 747 2975 exinde
779 2938 1041 2983 conjecturam
1073 2937 1214 2975 ducere
1246 2936 1439 2975 auderem.
1484 2939 1588 2974 Con-

1397 3001 1459 3033 28*
