1895 3208
56 146 376 193 Archi-ocardm.
470 145 711 188 Comitium
732 144 908 201 (Aucron.
928 140 1172 197 ARESGHJ.
1481 142 1570 182 551

165 280 337 320 siusculis
376 278 653 318 sublinearibus
684 279 706 316 Ι.
746 276 916 315 cuneatis
959 274 1130 325 elobatis,
1167 274 1426 324 superioribus
1457 275 1480 311 l.
1512 285 1576 311 ra-

164 355 308 394 miseris
341 353 701 392 obovato-cuneatis
721 351 877 389 ·lobatis
907 353 944 387 et
974 349 1131 387 elobatis
1162 350 1183 387 l.
1214 348 1424 386 eramileris
1454 347 1576 386 subli-

165 429 353 479 nearibus,
393 427 568 466 omnibus
606 427 832 465 diametrum
863 424 1067 462 maximum
1099 422 1404 472 subaequantibus
1435 422 1455 459 l.
1487 421 1576 470 2plo

165 503 415 553 longioribus,
457 502 661 551 apiculibus
706 499 984 539 sublinearibus
1030 497 1382 548 compressiusculis
1412 496 1436 534 l.
1467 507 1578 535 com-

165 579 314 628 pressis

56 686 94 712 α.
129 670 264 709 fronde
295 666 476 705 subtereti
509 667 530 705 l.
565 663 920 714 compressiuscula,
950 661 1117 700 articulis
1149 661 1579 701 lineariliusl.cuneatis

165 743 334 782 elobatis.

147 821 319 855 Corallina
345 817 549 862 corymbosa
576 813 764 849 Lamarclt.
791 813 811 847 l.
838 823 868 847 c.

52 895 95 949 ῤ’.
128 892 262 931 fronde
294 900 524 938 compressa,
554 886 719 923 articulis
744 885 961 922 lanceolatis
980 885 1000 921 l.
1019 883 1416 923 deltoideo-obovatis
1433 884 1580 923 lobuiis,

145 968 331 1011 Amphiroa
359 963 566 1007 corymbosa
594 961 700 995 Harv.
727 960 812 994 Ner.
838 962 952 993 (lustr.
976 969 1012 1003 p.
1039 961 1081 993 99
1107 962 1130 993 t.
1158 958 1347 994 XXXVIII.

164 1039 251 1077 llab.
282 1038 327 1075 ad
360 1047 465 1074 oram
504 1038 713 1083 Capensem
752 1032 963 1082 praesertim
1002 1032 1038 1068 in
1079 1031 1163 1068 sinu
1195 1031 1369 1069 'fabulari
1401 1043 1472 1069 nee
1502 1045 1580 1071 non

52 1114 225 1164 Algoensi
264 1123 340 1151 non
381 1110 658 1158 infrequenter.
724 1107 773 1145 Ad
806 1107 929 1144 littora
961 1105 1140 1143 Americae
1171 1117 1245 1143 sec.
1279 1108 1463 1145 Laniarck.
1497 1108 1518 1145 Ι.
1551 1119 1580 1145 e.

53 1189 182 1238 (Herb.
214 1187 365 1238 propr.)

145 1267 263 1300 Planta
291 1263 418 1297 coloris
446 1260 648 1294 normaliter
674 1258 852 1301 purpurei,
879 1257 1428 1300 atplerumqueviridescentis-l.
1445 1259 1582 1292 albido-

52 1326 269 1366 lutescentis,
307 1320 607 1363 4——5-pollicaris.
669 1317 783 1350 Callus
821 1317 984 1350 radicalis
1023 1324 1182 1359 magnus,
1221 1317 1420 1360 multiceps.
1474 1318 1582 1353 Frons

53 1385 186 1419 interne
212 1383 421 1424 saepissime,
447 1380 552 1411 immo
582 1384 830 1418 nonuunquam
858 1384 969 1418 usque
998 1376 1030 1407 in
1046 1375 1211 1418 medium,
1226 1375 1318 1408 nuda
1335 1376 1353 1408 i.
1371 1385 1399 1408 e.
1415 1377 1582 1421 stipitata,

53 1444 171 1485 stipite
210 1440 366 1473 articulis
404 1436 565 1470 omnibus
606 1434 843 1467 subteretibus
881 1434 1111 1476 cylindraceis
1150 1434 1169 1466 l.
1204 1434 1327 1467 leviter
1368 1439 1582 1478 compressis

54 1500 280 1536 subcuneatis
308 1498 523 1538 constructo,
550 1496 650 1536 apice
677 1494 754 1536 plus
782 1495 895 1526 minus
922 1493 1128 1534 regulariter
1152 1494 1295 1534 pinnata
1320 1493 1341 1526 l.
1363 1494 1583 1529 dichotome-

52 1561 208 1604 pinnata,
238 1557 354 1600 pinnis
386 1555 610 1597 pinnulisque
642 1561 735 1586 nnnc
762 1552 1185 1595 corymboso—oongestis,
1212 1561 1304 1584 nunc
1331 1554 1584 1596 plano-paten-

54 1619 159 1652 tibus.
219 1615 361 1649 Articuli
399 1614 584 1656 pinnarum
623 1611 913 1654 pinnularumque
952 1610 1054 1642 modo
1091 1619 1215 1651 parum
1252 1612 1465 1655 compressi,
1509 1613 1583 1644 sive

54 1677 265 1718 subt-erotes,
302 1672 404 1705 modo
444 1672 650 1713 compressi,
688 1669 796 1703 forma
835 1679 926 1702 nunc
966 1669 1037 1701 sere
1064 1669 1287 1711 cylindracei,
1313 1679 1405 1702 nunc
1432 1673 1584 1715 cuneati,

55 1735 233 1768 rarissime
259 1732 391 1773 passim
417 1729 710 1772 subcomplanati,
738 1729 837 1769 apice
864 1728 1027 1769 utrinque
1053 1728 1250 1769 saepissime
1278 1727 1418 1770 elobati,
1445 1731 1584 1762 atnon-

54 1801 243 1834 numquam
281 1789 400 1832 lobati,
438 1797 506 1831 quo
543 1789 577 1820 in
615 1796 699 1820 casu
738 1787 781 1819 ad
819 1785 948 1819 formas
984 1786 1226 1819 antecedentis
1253 1788 1384 1828 speciei
1413 1789 1583 1822 accedere

54 1853 207 1893 videtur,
232 1849 314 1891 lobi,
341 1857 421 1880 cum
448 1847 585 1889 adsunt,
617 1846 797 1878 breviores
824 1845 1150 1887 tereti-acuminati,
1177 1844 1421 1887 subpatentes3
1448 1847 1582 1880 articuli

55 1909 209 1954 apic'ales
236 1907 444 1948 compressi,
470 1913 720 1946 nonnunquam
747 1903 969 1945 complanati,
997 1902 1583 1947 linearesl.lanceolati,interdum

56 1979 136 2002 vero
164 1968 363 2001 subteretes
390 1968 425 1998 et
451 1964 674 2007 cylindracei.
725 1962 920 2003 Longitudo
944 1962 1170 1994 articulorum
1185 1970 1265 1993 cum
1280 1961 1448 1994 diametro
1465 1971 1583 1995 eorum

56 2029 206 2061 maximo
234 2025 357 2059 collata
385 2032 488 2066 quam
515 2023 548 2054 in
575 2022 682 2063 priori
709 2021 829 2061 specie
856 2020 1001 2061 longior,
1029 2027 1047 2051 a
1077 2027 1144 2061 qua
1171 2020 1276 2058 igitur
1298 2019 1584 2053 differ-tarticulis

57 2083 395 2126 tereti-compressis
421 2080 720 2123 subcylindraceis
747 2080 766 2112 l.
793 2080 951 2111 cuneatis
974 2079 1189 2118 longioribus
1211 2077 1474 2120 apicalibusque
1488 2078 1586 2110 elon-

56 2146 145 2186 gatis
172 2141 375 2177 linearibus.

151 2202 220 2246 Est,
247 2204 285 2234 ut
309 2200 498 2242 pleraeqne,
525 2198 664 2238 species
692 2196 790 2228 valde
813 2195 1048 2239 multiformis,
1064 2196 1163 2237 cujus
1179 2195 1369 2237 fragmenta
1387 2195 1585 2227 nominihus

57 2262 238 2295 Corallinae-
265 2257 496 2300 corymbosa‘,
531 2255 606 2288 Cor.
640 2254 803 2297 palmatae
829 2255 933 2286 immo
960 2253 1037 2287 Cor.
1066 2254 1249 2287 officinalis
1276 2255 1308 2286 in
1335 2253 1505 2285 herbariis
1531 2254 1586 2285 in-

58 2321 189 2360 scripta
226 2318 386 2351 vidimus.
447 2314 576 2346 Omnes
618 2312 692 2353 ejus
731 2311 933 2345 describere
960 2310 1088 2344 formas
1115 2311 1213 2344 labor
1248 2313 1343 2343 esset
1373 2311 1515 2353 inutilis,
1543 2320 1585 2343 ne

59 2379 217 2410 dicamus
250 2373 514 2416 impossilibilis.
569 2371 603 2404 ln
638 2370 760 2403 eadem
795 2371 899 2411 pinna
935 2369 1084 2402 vidimus
1109 2369 1274 2402 articulos
1302 2377 1525 2410 compressos
1553 2372 1587 2401 et

58 2437 200 2477 teretes,
225 2434 393 2466 cuneatos
421 2434 455 2463 et
480 2430 732 2472 cylindraceos,
760 2436 910 2470 superne
939 2429 1101 2469 utrinque
1128 2426 1264 2459 lobatos
1291 2429 1325 2459 et
1351 2426 1520 2459 elobatos.
1545 2445 1586 2449 —

59 2492 282 2534 Amphiroam
320 2489 562 2532 corymbos-am
600 2487 712 2520 Ilarv.
749 2485 834 2519 Ner.
861 2488 974 2519 auslr.
1001 2495 1068 2518 non
1096 2486 1171 2517 sine
1197 2485 1412 2518 dubitatione
1446 2486 1488 2517 ad
1521 2493 1585 2516 uo-

59 2556 166 2586 stram
200 2551 354 2591 speciem
391 2548 583 2580 retulimus.
620 2564 666 2569 -—
703 2545 875 2577 Corallina
912 2544 1094 2584 magnilica
1134 2542 1261 2584 Leacle‚
1289 2551 1390 2584 quain
1418 2542 1461 2574 ad
1487 2551 1585 2574 suam

61 2611 215 2652 speciem
254 2610 290 2640 ut
328 2614 542 2648 synonymon
579 2604 695 2637 retulit
727 2603 871 2645 llarxey,
909 2604 938 2635 si
977 2603 1170 2644 specimine
1197 2612 1216 2634 a
1241 2602 1310 2633 Cel.
1350 2600 1501 2633 Cliauvin
1540 2602 1584 2632 ita

61 2668 291 2701 determinato
327 2664 485 2697 habenda
519 2663 565 2695 sit
596 2662 695 2705 fides,
729 2664 782 2694 est
808 2661 947 2693 omnino
975 2662 1092 2693 nostra
1120 2660 1247 2702 planta,
1274 2659 1373 2701 cujus
1399 2660 1440 2691 550
1466 2659 1586 2700 speci-

62 2727 154 2759 mina
181 2733 297 2758 coram
324 2723 434 2756 oculis
460 2721 640 2754 habemus.

66 2852 98 2889 4.
131 2855 167 2890 A.
197 2854 335 2889 WARDu
369 2848 510 2894 (Harv.
544 2846 637 2885 Ner.
670 2850 797 2884 auscr.
827 2857 865 2894 p.
899 2845 947 2883 99
979 2849 1005 2882 t.
1039 2844 1258 2892 XXXVIII)
1297 2844 1434 2882 fronde
1465 2844 1585 2883 robu-

173 2929 226 2963 sta
257 2925 398 2974 pluries
431 2923 583 2972 pinnata
613 2920 965 2970 circumscriptione
997 2919 1185 2971 latissima,
1204 2919 1328 2969 pinnis
1345 2919 1585 2968 pinnulisque
