<?xml version="1.0" encoding="UTF-8"?>
<!DOCTYPE html PUBLIC "-//W3C//DTD XHTML 1.0 Transitional//EN"
    "http://www.w3.org/TR/xhtml1/DTD/xhtml1-transitional.dtd">
<html xmlns="http://www.w3.org/1999/xhtml" xml:lang="en" lang="en">
 <head>
  <title>
</title>
<meta http-equiv="Content-Type" content="text/html;charset=utf-8" />
  <meta name='ocr-system' content='tesseract 3.04.00' />
  <meta name='ocr-capabilities' content='ocr_page ocr_carea ocr_par ocr_line ocrx_word'/>
</head>
<body>
  <div class='ocr_page' id='page_1' title='image "./speciesgeneraeto0202agar_0131.png"; bbox 0 0 1895 3208; ppageno 0'>
   <div class='ocr_carea' id='block_1_1' title="bbox 71 151 1607 214">
    <p class='ocr_par' dir='ltr' id='par_1_1' title="bbox 71 151 1607 214">
     <span class='ocr_line' id='line_1_1' title="bbox 71 151 1607 214; baseline 0 -16"><span class='ocrx_word' id='word_1_1' title='bbox 71 153 262 214; x_wconf 77' lang='lat' dir='ltr'>Ilypnea.</span> <span class='ocrx_word' id='word_1_2' title='bbox 720 151 961 196; x_wconf 63' lang='lat' dir='ltr'>llirnracmz.</span> <span class='ocrx_word' id='word_1_3' title='bbox 1515 157 1540 197; x_wconf 74' lang='lat'><strong>4</strong></span> <span class='ocrx_word' id='word_1_4' title='bbox 1549 158 1607 198; x_wconf 68' lang='lat'>47</span> 
     </span>
    </p>
   </div>
   <div class='ocr_carea' id='block_1_2' title="bbox 68 283 1608 1201">
    <p class='ocr_par' dir='ltr' id='par_1_2' title="bbox 69 283 1608 795">
     <span class='ocr_line' id='line_1_2' title="bbox 72 283 1607 329; baseline -0.002 -7"><span class='ocrx_word' id='word_1_5' title='bbox 72 289 214 322; x_wconf 79' lang='lat' dir='ltr'>alteruis</span> <span class='ocrx_word' id='word_1_6' title='bbox 252 285 517 325; x_wconf 80' lang='lat' dir='ltr'>decompositoe.</span> <span class='ocrx_word' id='word_1_7' title='bbox 580 283 674 316; x_wconf 79' lang='lat' dir='ltr'>Romi</span> <span class='ocrx_word' id='word_1_8' title='bbox 714 287 918 325; x_wconf 69' lang='lat' dir='ltr'>superiores</span> <span class='ocrx_word' id='word_1_9' title='bbox 952 286 1084 318; x_wconf 86' lang='lat' dir='ltr'>sensim</span> <span class='ocrx_word' id='word_1_10' title='bbox 1117 285 1309 329; x_wconf 74' lang='lat' dir='ltr'>breviores,</span> <span class='ocrx_word' id='word_1_11' title='bbox 1338 294 1459 320; x_wconf 85' lang='lat' dir='ltr'>omnes</span> <span class='ocrx_word' id='word_1_12' title='bbox 1487 296 1503 319; x_wconf 87' lang='lat' dir='ltr'>a</span> <span class='ocrx_word' id='word_1_13' title='bbox 1532 286 1607 319; x_wconf 86' lang='lat' dir='ltr'>basi</span> 
     </span>
     <span class='ocr_line' id='line_1_3' title="bbox 73 342 1607 388; baseline -0.003 -8"><span class='ocrx_word' id='word_1_14' title='bbox 73 347 115 380; x_wconf 91' lang='lat' dir='ltr'>ad</span> <span class='ocrx_word' id='word_1_15' title='bbox 142 347 278 388; x_wconf 80' lang='lat' dir='ltr'>apicem</span> <span class='ocrx_word' id='word_1_16' title='bbox 305 344 392 376; x_wconf 83' lang='lat' dir='ltr'>setis</span> <span class='ocrx_word' id='word_1_17' title='bbox 418 342 583 374; x_wconf 78' lang='lat' dir='ltr'>tenuibus</span> <span class='ocrx_word' id='word_1_18' title='bbox 611 342 783 382; x_wconf 64' lang='lat' dir='ltr'>elongatis</span> <span class='ocrx_word' id='word_1_19' title='bbox 811 344 901 376; x_wconf 80' lang='lat' dir='ltr'>hirti.</span> <span class='ocrx_word' id='word_1_20' title='bbox 951 345 1042 376; x_wconf 74' lang='lat' dir='ltr'>Setae</span> <span class='ocrx_word' id='word_1_21' title='bbox 1070 344 1246 377; x_wconf 74' lang='lat' dir='ltr'>distantiis</span> <span class='ocrx_word' id='word_1_22' title='bbox 1260 345 1480 377; x_wconf 82' lang='lat' dir='ltr'>semilineam</span> <span class='ocrx_word' id='word_1_23' title='bbox 1495 345 1607 385; x_wconf 74' lang='lat' dir='ltr'>longis</span> 
     </span>
     <span class='ocr_line' id='line_1_4' title="bbox 72 400 1607 446; baseline -0.001 -10"><span class='ocrx_word' id='word_1_24' title='bbox 72 411 358 446; x_wconf 86' lang='lat' dir='ltr'>quoquoversum</span> <span class='ocrx_word' id='word_1_25' title='bbox 386 401 622 442; x_wconf 75' lang='lat' dir='ltr'>egredientes,</span> <span class='ocrx_word' id='word_1_26' title='bbox 649 400 722 432; x_wconf 83' lang='lat' dir='ltr'>sere</span> <span class='ocrx_word' id='word_1_27' title='bbox 750 402 891 434; x_wconf 90' lang='lat' dir='ltr'>omuino</span> <span class='ocrx_word' id='word_1_28' title='bbox 919 402 1164 445; x_wconf 81' lang='lat' dir='ltr'>liorizontales,</span> <span class='ocrx_word' id='word_1_29' title='bbox 1191 412 1208 435; x_wconf 90' lang='lat' dir='ltr'>a</span> <span class='ocrx_word' id='word_1_30' title='bbox 1235 402 1309 435; x_wconf 89' lang='lat' dir='ltr'>basi</span> <span class='ocrx_word' id='word_1_31' title='bbox 1338 403 1459 436; x_wconf 89' lang='lat' dir='ltr'>latiore</span> <span class='ocrx_word' id='word_1_32' title='bbox 1477 405 1607 436; x_wconf 80' lang='lat' dir='ltr'>sensim</span> 
     </span>
     <span class='ocr_line' id='line_1_5' title="bbox 71 458 1607 502; baseline -0.002 -6"><span class='ocrx_word' id='word_1_33' title='bbox 71 463 262 496; x_wconf 68' lang='lat' dir='ltr'>attenuatae,</span> <span class='ocrx_word' id='word_1_34' title='bbox 288 463 452 501; x_wconf 82' lang='lat' dir='ltr'>setaceae,</span> <span class='ocrx_word' id='word_1_35' title='bbox 480 458 657 498; x_wconf 77' lang='lat' dir='ltr'>longiores</span> <span class='ocrx_word' id='word_1_36' title='bbox 686 459 952 500; x_wconf 82' lang='lat' dir='ltr'>(sesquilineam</span> <span class='ocrx_word' id='word_1_37' title='bbox 980 461 1108 500; x_wconf 69' lang='lat' dir='ltr'>longoe)</span> <span class='ocrx_word' id='word_1_38' title='bbox 1127 460 1282 502; x_wconf 88' lang='lat' dir='ltr'>etduplo</span> <span class='ocrx_word' id='word_1_39' title='bbox 1299 462 1403 502; x_wconf 88' lang='lat' dir='ltr'>triplo</span> <span class='ocrx_word' id='word_1_40' title='bbox 1426 461 1607 494; x_wconf 65' lang='lat' dir='ltr'>brexiores</span> 
     </span>
     <span class='ocr_line' id='line_1_6' title="bbox 72 517 1607 559; baseline -0.001 -6"><span class='ocrx_word' id='word_1_41' title='bbox 72 521 146 553; x_wconf 80' lang='lat' dir='ltr'>sine</span> <span class='ocrx_word' id='word_1_42' title='bbox 173 519 294 552; x_wconf 85' lang='lat' dir='ltr'>ordine</span> <span class='ocrx_word' id='word_1_43' title='bbox 322 518 452 559; x_wconf 62' lang='lat' dir='ltr'>mixta‘,</span> <span class='ocrx_word' id='word_1_44' title='bbox 481 517 641 558; x_wconf 58' lang='lat' dir='ltr'>plurimae</span> <span class='ocrx_word' id='word_1_45' title='bbox 679 517 870 559; x_wconf 73' lang='lat' dir='ltr'>simplices,</span> <span class='ocrx_word' id='word_1_46' title='bbox 899 518 974 550; x_wconf 60' lang='lat' dir='ltr'>alia„¹</span> <span class='ocrx_word' id='word_1_47' title='bbox 1002 518 1127 551; x_wconf 88' lang='lat' dir='ltr'>eodem</span> <span class='ocrx_word' id='word_1_48' title='bbox 1154 519 1256 551; x_wconf 88' lang='lat' dir='ltr'>modo</span> <span class='ocrx_word' id='word_1_49' title='bbox 1284 520 1486 553; x_wconf 76' lang='lat' dir='ltr'>seticulosae.</span> <span class='ocrx_word' id='word_1_50' title='bbox 1513 522 1548 552; x_wconf 89' lang='lat' dir='ltr'>et</span> <span class='ocrx_word' id='word_1_51' title='bbox 1574 521 1607 552; x_wconf 93' lang='lat' dir='ltr'>in</span> 
     </span>
     <span class='ocr_line' id='line_1_7' title="bbox 71 575 1608 620; baseline -0.001 -9"><span class='ocrx_word' id='word_1_52' title='bbox 71 586 187 611; x_wconf 87' lang='lat' dir='ltr'>ramos</span> <span class='ocrx_word' id='word_1_53' title='bbox 215 577 448 610; x_wconf 80' lang='lat' dir='ltr'>transeuntes.</span> <span class='ocrx_word' id='word_1_54' title='bbox 499 575 590 607; x_wconf 82' lang='lat' dir='ltr'>Setae</span> <span class='ocrx_word' id='word_1_55' title='bbox 618 575 758 608; x_wconf 89' lang='lat' dir='ltr'>demum</span> <span class='ocrx_word' id='word_1_56' title='bbox 787 575 917 608; x_wconf 80' lang='lat' dir='ltr'>fertiles</span> <span class='ocrx_word' id='word_1_57' title='bbox 944 577 1106 620; x_wconf 74' lang='lat' dir='ltr'>evadunt,</span> <span class='ocrx_word' id='word_1_58' title='bbox 1134 586 1151 609; x_wconf 89' lang='lat' dir='ltr'>a</span> <span class='ocrx_word' id='word_1_59' title='bbox 1179 578 1292 610; x_wconf 87' lang='lat' dir='ltr'>medio</span> <span class='ocrx_word' id='word_1_60' title='bbox 1321 578 1372 610; x_wconf 69' lang='lat' dir='ltr'>vel</span> <span class='ocrx_word' id='word_1_61' title='bbox 1398 587 1502 620; x_wconf 86' lang='lat' dir='ltr'>supra</span> <span class='ocrx_word' id='word_1_62' title='bbox 1532 587 1608 610; x_wconf 88' lang='lat' dir='ltr'>me-</span> 
     </span>
     <span class='ocr_line' id='line_1_8' title="bbox 71 633 1607 678; baseline 0 -10"><span class='ocrx_word' id='word_1_63' title='bbox 71 636 167 668; x_wconf 87' lang='lat' dir='ltr'>dium</span> <span class='ocrx_word' id='word_1_64' title='bbox 194 635 485 676; x_wconf 74' lang='lat' dir='ltr'>intumescentes,</span> <span class='ocrx_word' id='word_1_65' title='bbox 512 634 675 675; x_wconf 79' lang='lat' dir='ltr'>siliquam</span> <span class='ocrx_word' id='word_1_66' title='bbox 701 633 931 665; x_wconf 85' lang='lat' dir='ltr'>lanceolatam</span> <span class='ocrx_word' id='word_1_67' title='bbox 968 638 1098 666; x_wconf 80' lang='lat' dir='ltr'>rectam</span> <span class='ocrx_word' id='word_1_68' title='bbox 1127 637 1290 677; x_wconf 82' lang='lat' dir='ltr'>utrinque</span> <span class='ocrx_word' id='word_1_69' title='bbox 1316 636 1487 678; x_wconf 71' lang='lat' dir='ltr'>suumque</span> <span class='ocrx_word' id='word_1_70' title='bbox 1515 638 1607 668; x_wconf 87' lang='lat' dir='ltr'>atte-</span> 
     </span>
     <span class='ocr_line' id='line_1_9' title="bbox 69 691 1607 737; baseline -0.001 -10"><span class='ocrx_word' id='word_1_71' title='bbox 69 696 223 737; x_wconf 87' lang='lat' dir='ltr'>nuatam,</span> <span class='ocrx_word' id='word_1_72' title='bbox 251 694 389 735; x_wconf 86' lang='lat' dir='ltr'>apiculo</span> <span class='ocrx_word' id='word_1_73' title='bbox 415 692 511 724; x_wconf 85' lang='lat' dir='ltr'>brevi</span> <span class='ocrx_word' id='word_1_74' title='bbox 535 694 747 734; x_wconf 81' lang='lat' dir='ltr'>superatam,</span> <span class='ocrx_word' id='word_1_75' title='bbox 764 691 1007 734; x_wconf 83' lang='lat' dir='ltr'>pedicelloque</span> <span class='ocrx_word' id='word_1_76' title='bbox 1023 692 1277 732; x_wconf 74' lang='lat' dir='ltr'>longitudinem</span> <span class='ocrx_word' id='word_1_77' title='bbox 1293 694 1428 735; x_wconf 58' lang='lat' dir='ltr'>siliqua*</span> <span class='ocrx_word' id='word_1_78' title='bbox 1445 697 1607 736; x_wconf 69' lang='lat' dir='ltr'>aequante</span> 
     </span>
     <span class='ocr_line' id='line_1_10' title="bbox 70 749 1489 795; baseline -0.001 -11"><span class='ocrx_word' id='word_1_79' title='bbox 70 752 259 795; x_wconf 83' lang='lat' dir='ltr'>suffultam,</span> <span class='ocrx_word' id='word_1_80' title='bbox 286 750 465 784; x_wconf 82' lang='lat' dir='ltr'>exhibent.</span> <span class='ocrx_word' id='word_1_81' title='bbox 514 749 616 782; x_wconf 88' lang='lat' dir='ltr'>Color</span> <span class='ocrx_word' id='word_1_82' title='bbox 644 749 997 782; x_wconf 84' lang='lat' dir='ltr'>corallino-carneus.</span> <span class='ocrx_word' id='word_1_83' title='bbox 1049 750 1251 783; x_wconf 79' lang='lat' dir='ltr'>Substantia</span> <span class='ocrx_word' id='word_1_84' title='bbox 1278 752 1489 784; x_wconf 87' lang='lat' dir='ltr'>subcornea.</span> 
     </span>
    </p>

    <p class='ocr_par' dir='ltr' id='par_1_3' title="bbox 68 807 1607 1201">
     <span class='ocr_line' id='line_1_11' title="bbox 164 807 1606 853; baseline -0.001 -9"><span class='ocrx_word' id='word_1_85' title='bbox 164 811 343 853; x_wconf 79' lang='lat' dir='ltr'>Quidquid</span> <span class='ocrx_word' id='word_1_86' title='bbox 374 810 421 841; x_wconf 87' lang='lat' dir='ltr'>sit</span> <span class='ocrx_word' id='word_1_87' title='bbox 456 808 599 851; x_wconf 78' lang='lat' dir='ltr'>Hypnea</span> <span class='ocrx_word' id='word_1_88' title='bbox 636 807 827 841; x_wconf 85' lang='lat' dir='ltr'>Cbaroides</span> <span class='ocrx_word' id='word_1_89' title='bbox 862 808 1118 849; x_wconf 79' lang='lat' dir='ltr'>Lamourouxii,</span> <span class='ocrx_word' id='word_1_90' title='bbox 1145 810 1237 843; x_wconf 83' lang='lat' dir='ltr'>illam</span> <span class='ocrx_word' id='word_1_91' title='bbox 1278 812 1393 843; x_wconf 87' lang='lat' dir='ltr'>tamen</span> <span class='ocrx_word' id='word_1_92' title='bbox 1433 811 1475 841; x_wconf 87' lang='lat' dir='ltr'>ad</span> <span class='ocrx_word' id='word_1_93' title='bbox 1512 819 1606 852; x_wconf 86' lang='lat' dir='ltr'>pra·-</span> 
     </span>
     <span class='ocr_line' id='line_1_12' title="bbox 69 866 1606 910; baseline -0.001 -9"><span class='ocrx_word' id='word_1_94' title='bbox 69 870 205 901; x_wconf 90' lang='lat' dir='ltr'>sentem</span> <span class='ocrx_word' id='word_1_95' title='bbox 233 868 324 900; x_wconf 86' lang='lat' dir='ltr'>haud</span> <span class='ocrx_word' id='word_1_96' title='bbox 350 869 528 908; x_wconf 86' lang='lat' dir='ltr'>pertinere</span> <span class='ocrx_word' id='word_1_97' title='bbox 554 877 672 910; x_wconf 75' lang='lat' dir='ltr'>posse,</span> <span class='ocrx_word' id='word_1_98' title='bbox 700 875 743 899; x_wconf 81' lang='lat' dir='ltr'>ex</span> <span class='ocrx_word' id='word_1_99' title='bbox 770 866 879 899; x_wconf 76' lang='lat' dir='ltr'>forma</span> <span class='ocrx_word' id='word_1_100' title='bbox 908 866 1082 900; x_wconf 79' lang='lat' dir='ltr'>fruetuum</span> <span class='ocrx_word' id='word_1_101' title='bbox 1110 868 1142 900; x_wconf 91' lang='lat' dir='ltr'>in</span> <span class='ocrx_word' id='word_1_102' title='bbox 1167 869 1268 900; x_wconf 89' lang='lat' dir='ltr'>icone</span> <span class='ocrx_word' id='word_1_103' title='bbox 1284 868 1606 910; x_wconf 79' lang='lat' dir='ltr'>dataperspiciuim</span> 
     </span>
     <span class='ocr_line' id='line_1_13' title="bbox 69 925 1607 969; baseline 0 -10"><span class='ocrx_word' id='word_1_104' title='bbox 69 929 166 968; x_wconf 89' lang='lat' dir='ltr'>puto.</span> <span class='ocrx_word' id='word_1_105' title='bbox 204 926 391 966; x_wconf 77' lang='lat' dir='ltr'>Montague</span> <span class='ocrx_word' id='word_1_106' title='bbox 418 925 616 969; x_wconf 79' lang='lat' dir='ltr'>((.&#39;auar.p.</span> <span class='ocrx_word' id='word_1_107' title='bbox 641 925 726 966; x_wconf 72' lang='lat'>474.)</span> <span class='ocrx_word' id='word_1_108' title='bbox 750 925 877 966; x_wconf 87' lang='lat' dir='ltr'>aliique</span> <span class='ocrx_word' id='word_1_109' title='bbox 905 925 996 957; x_wconf 89' lang='lat' dir='ltr'>illam</span> <span class='ocrx_word' id='word_1_110' title='bbox 1024 933 1096 958; x_wconf 86' lang='lat' dir='ltr'>sec.</span> <span class='ocrx_word' id='word_1_111' title='bbox 1124 927 1318 967; x_wconf 75' lang='lat' dir='ltr'>specimina</span> <span class='ocrx_word' id='word_1_112' title='bbox 1346 928 1417 959; x_wconf 70' lang='lat' dir='ltr'>xisa</span> <span class='ocrx_word' id='word_1_113' title='bbox 1447 928 1489 959; x_wconf 87' lang='lat' dir='ltr'>ad</span> <span class='ocrx_word' id='word_1_114' title='bbox 1516 928 1607 969; x_wconf 86' lang='lat' dir='ltr'>Spy-</span> 
     </span>
     <span class='ocr_line' id='line_1_14' title="bbox 70 983 1604 1027; baseline 0 -10"><span class='ocrx_word' id='word_1_115' title='bbox 70 985 192 1017; x_wconf 84' lang='lat' dir='ltr'>ridiam</span> <span class='ocrx_word' id='word_1_116' title='bbox 221 983 386 1027; x_wconf 81' lang='lat' dir='ltr'>referunt,</span> <span class='ocrx_word' id='word_1_117' title='bbox 424 984 518 1026; x_wconf 88' lang='lat' dir='ltr'>quod</span> <span class='ocrx_word' id='word_1_118' title='bbox 552 987 667 1017; x_wconf 86' lang='lat' dir='ltr'>tamen</span> <span class='ocrx_word' id='word_1_119' title='bbox 694 992 738 1016; x_wconf 80' lang='lat' dir='ltr'>ex</span> <span class='ocrx_word' id='word_1_120' title='bbox 765 984 864 1016; x_wconf 90' lang='lat' dir='ltr'>icone</span> <span class='ocrx_word' id='word_1_121' title='bbox 891 984 1036 1015; x_wconf 86' lang='lat' dir='ltr'>nimium</span> <span class='ocrx_word' id='word_1_122' title='bbox 1065 983 1275 1016; x_wconf 78' lang='lat' dir='ltr'>abhorrente</span> <span class='ocrx_word' id='word_1_123' title='bbox 1303 986 1359 1017; x_wconf 74' lang='lat' dir='ltr'>vix</span> <span class='ocrx_word' id='word_1_124' title='bbox 1385 986 1604 1026; x_wconf 87' lang='lat' dir='ltr'>probandum</span> 
     </span>
     <span class='ocr_line' id='line_1_15' title="bbox 70 1041 1606 1085; baseline -0.001 -9"><span class='ocrx_word' id='word_1_125' title='bbox 70 1043 226 1085; x_wconf 84' lang='lat' dir='ltr'>adparet.</span> <span class='ocrx_word' id='word_1_126' title='bbox 253 1042 417 1075; x_wconf 71' lang='lat' dir='ltr'>Diversus</span> <span class='ocrx_word' id='word_1_127' title='bbox 444 1043 584 1085; x_wconf 86' lang='lat' dir='ltr'>species</span> <span class='ocrx_word' id='word_1_128' title='bbox 611 1043 730 1084; x_wconf 89' lang='lat' dir='ltr'>itaque</span> <span class='ocrx_word' id='word_1_129' title='bbox 757 1043 821 1075; x_wconf 80' lang='lat' dir='ltr'>sub</span> <span class='ocrx_word' id='word_1_130' title='bbox 849 1042 989 1074; x_wconf 85' lang='lat' dir='ltr'>nomine</span> <span class='ocrx_word' id='word_1_131' title='bbox 1016 1041 1096 1074; x_wconf 90' lang='lat' dir='ltr'>dato</span> <span class='ocrx_word' id='word_1_132' title='bbox 1124 1052 1143 1074; x_wconf 90' lang='lat' dir='ltr'>a</span> <span class='ocrx_word' id='word_1_133' title='bbox 1169 1043 1424 1076; x_wconf 82' lang='lat' dir='ltr'>Lamourouxio</span> <span class='ocrx_word' id='word_1_134' title='bbox 1441 1043 1606 1076; x_wconf 82' lang='lat' dir='ltr'>confusas</span> 
     </span>
     <span class='ocr_line' id='line_1_16' title="bbox 69 1099 1607 1143; baseline 0.001 -11"><span class='ocrx_word' id='word_1_135' title='bbox 69 1100 189 1143; x_wconf 79' lang='lat' dir='ltr'>fuisse,</span> <span class='ocrx_word' id='word_1_136' title='bbox 218 1100 364 1134; x_wconf 89' lang='lat' dir='ltr'>credere</span> <span class='ocrx_word' id='word_1_137' title='bbox 391 1100 441 1133; x_wconf 85' lang='lat' dir='ltr'>sas</span> <span class='ocrx_word' id='word_1_138' title='bbox 470 1103 535 1133; x_wconf 90' lang='lat' dir='ltr'>est.</span> <span class='ocrx_word' id='word_1_139' title='bbox 583 1099 683 1133; x_wconf 78' lang='lat' dir='ltr'>Nulla</span> <span class='ocrx_word' id='word_1_140' title='bbox 710 1103 825 1133; x_wconf 87' lang='lat' dir='ltr'>autem</span> <span class='ocrx_word' id='word_1_141' title='bbox 853 1102 995 1133; x_wconf 87' lang='lat' dir='ltr'>omnino</span> <span class='ocrx_word' id='word_1_142' title='bbox 1023 1101 1123 1134; x_wconf 88' lang='lat' dir='ltr'>adest</span> <span class='ocrx_word' id='word_1_143' title='bbox 1150 1110 1232 1134; x_wconf 77' lang='lat' dir='ltr'>ansa</span> <span class='ocrx_word' id='word_1_144' title='bbox 1261 1110 1323 1135; x_wconf 91' lang='lat' dir='ltr'>cur</span> <span class='ocrx_word' id='word_1_145' title='bbox 1349 1110 1475 1135; x_wconf 89' lang='lat' dir='ltr'>nomen</span> <span class='ocrx_word' id='word_1_146' title='bbox 1504 1103 1607 1143; x_wconf 86' lang='lat' dir='ltr'>iuop-</span> 
     </span>
     <span class='ocr_line' id='line_1_17' title="bbox 68 1159 951 1201; baseline 0 -10"><span class='ocrx_word' id='word_1_147' title='bbox 68 1160 258 1201; x_wconf 90' lang='lat' dir='ltr'>portunum</span> <span class='ocrx_word' id='word_1_148' title='bbox 284 1160 451 1201; x_wconf 87' lang='lat' dir='ltr'>praesenti</span> <span class='ocrx_word' id='word_1_149' title='bbox 480 1160 612 1201; x_wconf 86' lang='lat' dir='ltr'>speciei</span> <span class='ocrx_word' id='word_1_150' title='bbox 642 1159 866 1192; x_wconf 84' lang='lat' dir='ltr'>tribuendum</span> <span class='ocrx_word' id='word_1_151' title='bbox 895 1160 951 1191; x_wconf 81' lang='lat' dir='ltr'>sit.</span> 
     </span>
    </p>
   </div>
   <div class='ocr_carea' id='block_1_3' title="bbox 67 1260 1606 1720">
    <p class='ocr_par' dir='ltr' id='par_1_4' title="bbox 67 1260 1606 1651">
     <span class='ocr_line' id='line_1_18' title="bbox 67 1260 1606 1312; baseline 0.001 -13"><span class='ocrx_word' id='word_1_152' title='bbox 67 1261 104 1299; x_wconf 88' lang='grc'>9.</span> <span class='ocrx_word' id='word_1_153' title='bbox 136 1265 175 1300; x_wconf 89' lang='lat' dir='ltr'>ll.</span> <span class='ocrx_word' id='word_1_154' title='bbox 206 1271 391 1301; x_wconf 29' lang='lat' dir='ltr'>niniutosA</span> <span class='ocrx_word' id='word_1_155' title='bbox 425 1262 569 1307; x_wconf 81' lang='lat' dir='ltr'>(Turn.</span> <span class='ocrx_word' id='word_1_156' title='bbox 603 1262 702 1299; x_wconf 67' lang='lat' dir='ltr'>Hisc.</span> <span class='ocrx_word' id='word_1_157' title='bbox 738 1263 836 1299; x_wconf 78' lang='lat' dir='ltr'>Fue.</span> <span class='ocrx_word' id='word_1_158' title='bbox 868 1261 945 1300; x_wconf 80' lang='lat' dir='ltr'>tab.</span> <span class='ocrx_word' id='word_1_159' title='bbox 985 1260 1056 1308; x_wconf 80' lang='lat'>79)</span> <span class='ocrx_word' id='word_1_160' title='bbox 1102 1261 1501 1312; x_wconf 74' lang='lat' dir='ltr'>intricato-caespitosa</span> <span class='ocrx_word' id='word_1_161' title='bbox 1547 1263 1606 1300; x_wconf 75' lang='lat' dir='ltr'>:il-</span> 
     </span>
     <span class='ocr_line' id='line_1_19' title="bbox 178 1330 1604 1381; baseline 0 -14"><span class='ocrx_word' id='word_1_162' title='bbox 178 1333 287 1367; x_wconf 85' lang='lat' dir='ltr'>terne</span> <span class='ocrx_word' id='word_1_163' title='bbox 320 1342 482 1381; x_wconf 83' lang='lat' dir='ltr'>ramosa,</span> <span class='ocrx_word' id='word_1_164' title='bbox 515 1330 627 1368; x_wconf 86' lang='lat' dir='ltr'>ramis</span> <span class='ocrx_word' id='word_1_165' title='bbox 660 1332 762 1367; x_wconf 66' lang='lat' dir='ltr'>extra</span> <span class='ocrx_word' id='word_1_166' title='bbox 794 1330 985 1379; x_wconf 85' lang='lat' dir='ltr'>caespitem</span> <span class='ocrx_word' id='word_1_167' title='bbox 1016 1340 1150 1378; x_wconf 87' lang='lat' dir='ltr'>parum</span> <span class='ocrx_word' id='word_1_168' title='bbox 1181 1330 1380 1380; x_wconf 83' lang='lat' dir='ltr'>porrectis,</span> <span class='ocrx_word' id='word_1_169' title='bbox 1398 1342 1467 1379; x_wconf 86' lang='lat' dir='ltr'>per</span> <span class='ocrx_word' id='word_1_170' title='bbox 1489 1334 1604 1367; x_wconf 88' lang='lat' dir='ltr'>totam</span> 
     </span>
     <span class='ocr_line' id='line_1_20' title="bbox 180 1396 1605 1449; baseline -0.001 -13"><span class='ocrx_word' id='word_1_171' title='bbox 180 1398 458 1447; x_wconf 76' lang='lat' dir='ltr'>longitudinem</span> <span class='ocrx_word' id='word_1_172' title='bbox 491 1397 710 1448; x_wconf 85' lang='lat' dir='ltr'>spinulosis,</span> <span class='ocrx_word' id='word_1_173' title='bbox 741 1397 850 1446; x_wconf 83' lang='lat' dir='ltr'>apice</span> <span class='ocrx_word' id='word_1_174' title='bbox 883 1397 938 1434; x_wconf 72' lang='lat' dir='ltr'>rix</span> <span class='ocrx_word' id='word_1_175' title='bbox 967 1396 1161 1434; x_wconf 85' lang='lat' dir='ltr'>denudato</span> <span class='ocrx_word' id='word_1_176' title='bbox 1181 1397 1605 1449; x_wconf 84' lang='lat' dir='ltr'>rectiusculis,spinulis</span> 
     </span>
     <span class='ocr_line' id='line_1_21' title="bbox 178 1463 1604 1514; baseline 0.001 -12"><span class='ocrx_word' id='word_1_177' title='bbox 178 1476 489 1514; x_wconf 85' lang='lat' dir='ltr'>quoquoversum</span> <span class='ocrx_word' id='word_1_178' title='bbox 535 1465 822 1513; x_wconf 75' lang='lat' dir='ltr'>egredientibus</span> <span class='ocrx_word' id='word_1_179' title='bbox 866 1463 1238 1501; x_wconf 84' lang='lat' dir='ltr'>subhorizontalibus</span> <span class='ocrx_word' id='word_1_180' title='bbox 1282 1477 1301 1502; x_wconf 88' lang='lat' dir='ltr'>a</span> <span class='ocrx_word' id='word_1_181' title='bbox 1345 1465 1421 1501; x_wconf 84' lang='lat' dir='ltr'>basi</span> <span class='ocrx_word' id='word_1_182' title='bbox 1470 1466 1604 1503; x_wconf 83' lang='lat' dir='ltr'>latiore</span> 
     </span>
     <span class='ocr_line' id='line_1_22' title="bbox 179 1530 1603 1582; baseline 0 -13"><span class='ocrx_word' id='word_1_183' title='bbox 179 1534 404 1571; x_wconf 82' lang='lat' dir='ltr'>acuminatis</span> <span class='ocrx_word' id='word_1_184' title='bbox 436 1533 590 1582; x_wconf 59' lang='lat' dir='ltr'>rigidis,</span> <span class='ocrx_word' id='word_1_185' title='bbox 630 1531 816 1569; x_wconf 78' lang='lat' dir='ltr'>fertilibus</span> <span class='ocrx_word' id='word_1_186' title='bbox 847 1531 1006 1569; x_wconf 83' lang='lat' dir='ltr'>ramosis</span> <span class='ocrx_word' id='word_1_187' title='bbox 1028 1530 1133 1568; x_wconf 81' lang='lat' dir='ltr'>-insra</span> <span class='ocrx_word' id='word_1_188' title='bbox 1166 1532 1292 1580; x_wconf 87' lang='lat' dir='ltr'>apices</span> <span class='ocrx_word' id='word_1_189' title='bbox 1323 1532 1507 1580; x_wconf 89' lang='lat' dir='ltr'>siliquose</span> <span class='ocrx_word' id='word_1_190' title='bbox 1540 1533 1603 1569; x_wconf 88' lang='lat' dir='ltr'>iu-</span> 
     </span>
     <span class='ocr_line' id='line_1_23' title="bbox 177 1599 992 1651; baseline -0.002 -14"><span class='ocrx_word' id='word_1_191' title='bbox 177 1600 286 1651; x_wconf 85' lang='lat' dir='ltr'>ssatis,</span> <span class='ocrx_word' id='word_1_192' title='bbox 317 1600 462 1649; x_wconf 87' lang='lat' dir='ltr'>siliquis</span> <span class='ocrx_word' id='word_1_193' title='bbox 493 1599 724 1637; x_wconf 79' lang='lat' dir='ltr'>brevissimis</span> <span class='ocrx_word' id='word_1_194' title='bbox 756 1599 992 1636; x_wconf 86' lang='lat' dir='ltr'>acuminatis.</span> 
     </span>
    </p>

    <p class='ocr_par' dir='ltr' id='par_1_5' title="bbox 159 1673 1432 1720">
     <span class='ocr_line' id='line_1_24' title="bbox 159 1673 1432 1720; baseline 0.002 -12"><span class='ocrx_word' id='word_1_195' title='bbox 159 1675 274 1711; x_wconf 85' lang='lat' dir='ltr'>Fucus</span> <span class='ocrx_word' id='word_1_196' title='bbox 300 1676 505 1709; x_wconf 86' lang='lat' dir='ltr'>hamulosus</span> <span class='ocrx_word' id='word_1_197' title='bbox 536 1673 640 1708; x_wconf 81' lang='lat' dir='ltr'>Turn.</span> <span class='ocrx_word' id='word_1_198' title='bbox 667 1674 688 1708; x_wconf 80' lang='lat' dir='ltr'>l.</span> <span class='ocrx_word' id='word_1_199' title='bbox 715 1675 769 1708; x_wconf 64' lang='grc' dir='ltr'>α]</span> <span class='ocrx_word' id='word_1_200' title='bbox 791 1674 880 1715; x_wconf 87' lang='lat' dir='ltr'>(non</span> <span class='ocrx_word' id='word_1_201' title='bbox 907 1673 1029 1717; x_wconf 79' lang='lat' dir='ltr'>Esper,</span> <span class='ocrx_word' id='word_1_202' title='bbox 1058 1684 1123 1707; x_wconf 86' lang='lat' dir='ltr'>nec</span> <span class='ocrx_word' id='word_1_203' title='bbox 1149 1673 1248 1708; x_wconf 75' lang='lat' dir='ltr'>Auel.</span> <span class='ocrx_word' id='word_1_204' title='bbox 1277 1678 1432 1720; x_wconf 72' lang='lat' dir='ltr'>recent.)</span> 
     </span>
    </p>
   </div>
   <div class='ocr_carea' id='block_1_4' title="bbox 159 1731 1601 1835">
    <p class='ocr_par' dir='ltr' id='par_1_6' title="bbox 159 1731 1601 1835">
     <span class='ocr_line' id='line_1_25' title="bbox 160 1731 1200 1777; baseline -0.004 -9"><span class='ocrx_word' id='word_1_205' title='bbox 160 1734 301 1777; x_wconf 77' lang='lat' dir='ltr'>Hypaea</span> <span class='ocrx_word' id='word_1_206' title='bbox 329 1734 510 1767; x_wconf 87' lang='lat' dir='ltr'>bamulosa</span> <span class='ocrx_word' id='word_1_207' title='bbox 536 1733 646 1766; x_wconf 79' lang='lat' dir='ltr'>Mone.</span> <span class='ocrx_word' id='word_1_208' title='bbox 676 1732 759 1777; x_wconf 78' lang='lat' dir='ltr'>Puq.</span> <span class='ocrx_word' id='word_1_209' title='bbox 785 1733 856 1776; x_wconf 75' lang='lat' dir='ltr'><strong><em>Aly.</em></strong></span> <span class='ocrx_word' id='word_1_210' title='bbox 890 1731 1044 1766; x_wconf 77' lang='lat' dir='ltr'>Yemens.</span> <span class='ocrx_word' id='word_1_211' title='bbox 1071 1742 1106 1766; x_wconf 79' lang='lat' dir='ltr'>n.</span> <span class='ocrx_word' id='word_1_212' title='bbox 1136 1732 1200 1765; x_wconf 69' lang='lat'>46?</span> 
     </span>
     <span class='ocr_line' id='line_1_26' title="bbox 159 1790 1601 1835; baseline 0.001 -11"><span class='ocrx_word' id='word_1_213' title='bbox 159 1791 198 1826; x_wconf 87' lang='lat' dir='ltr'>H.</span> <span class='ocrx_word' id='word_1_214' title='bbox 226 1791 391 1826; x_wconf 75' lang='lat' dir='ltr'>Valentiae</span> <span class='ocrx_word' id='word_1_215' title='bbox 418 1801 489 1827; x_wconf 84' lang='lat' dir='ltr'>var.</span> <span class='ocrx_word' id='word_1_216' title='bbox 515 1793 698 1826; x_wconf 83' lang='lat' dir='ltr'>hamulosa</span> <span class='ocrx_word' id='word_1_217' title='bbox 731 1791 862 1825; x_wconf 79' lang='lat' dir='ltr'>Decsn.</span> <span class='ocrx_word' id='word_1_218' title='bbox 897 1790 944 1824; x_wconf 80' lang='lat' dir='ltr'>Pl.</span> <span class='ocrx_word' id='word_1_219' title='bbox 977 1791 1018 1824; x_wconf 78' lang='lat' dir='ltr'>dc</span> <span class='ocrx_word' id='word_1_220' title='bbox 1045 1790 1172 1824; x_wconf 83' lang='lat' dir='ltr'>l&#39;Arab.</span> <span class='ocrx_word' id='word_1_221' title='bbox 1196 1801 1230 1834; x_wconf 81' lang='lat' dir='ltr'>p.</span> <span class='ocrx_word' id='word_1_222' title='bbox 1259 1791 1346 1824; x_wconf 70' lang='lat'>483¹?</span> <span class='ocrx_word' id='word_1_223' title='bbox 1373 1793 1481 1833; x_wconf 77' lang='lat' dir='ltr'>(excl.</span> <span class='ocrx_word' id='word_1_224' title='bbox 1508 1794 1601 1835; x_wconf 82' lang='lat' dir='ltr'>syn.)</span> 
     </span>
    </p>
   </div>
   <div class='ocr_carea' id='block_1_5' title="bbox 178 1862 1484 1912">
    <p class='ocr_par' dir='ltr' id='par_1_7' title="bbox 178 1862 1484 1912">
     <span class='ocr_line' id='line_1_27' title="bbox 178 1862 1484 1912; baseline 0.001 -12"><span class='ocrx_word' id='word_1_225' title='bbox 178 1862 265 1900; x_wconf 82' lang='lat' dir='ltr'>[lab.</span> <span class='ocrx_word' id='word_1_226' title='bbox 297 1863 334 1900; x_wconf 89' lang='lat' dir='ltr'>in</span> <span class='ocrx_word' id='word_1_227' title='bbox 365 1863 459 1900; x_wconf 88' lang='lat' dir='ltr'>mari</span> <span class='ocrx_word' id='word_1_228' title='bbox 494 1863 608 1900; x_wconf 86' lang='lat' dir='ltr'>rubro</span> <span class='ocrx_word' id='word_1_229' title='bbox 641 1863 848 1910; x_wconf 75' lang='lat' dir='ltr'>(vicecom.</span> <span class='ocrx_word' id='word_1_230' title='bbox 881 1863 1089 1911; x_wconf 82' lang='lat' dir='ltr'>Valentia);</span> <span class='ocrx_word' id='word_1_231' title='bbox 1121 1862 1166 1900; x_wconf 89' lang='lat' dir='ltr'>ad</span> <span class='ocrx_word' id='word_1_232' title='bbox 1198 1865 1282 1911; x_wconf 87' lang='lat' dir='ltr'>Cap.</span> <span class='ocrx_word' id='word_1_233' title='bbox 1313 1863 1346 1900; x_wconf 91' lang='lat' dir='ltr'>b.</span> <span class='ocrx_word' id='word_1_234' title='bbox 1378 1864 1484 1912; x_wconf 87' lang='lat' dir='ltr'>Spei!</span> 
     </span>
    </p>
   </div>
   <div class='ocr_carea' id='block_1_6' title="bbox 63 1939 1602 2965">
    <p class='ocr_par' dir='ltr' id='par_1_8' title="bbox 64 1939 1602 2494">
     <span class='ocr_line' id='line_1_28' title="bbox 158 1939 1602 1982; baseline -0.001 -9"><span class='ocrx_word' id='word_1_235' title='bbox 158 1939 267 1973; x_wconf 82' lang='lat' dir='ltr'>Frons</span> <span class='ocrx_word' id='word_1_236' title='bbox 305 1939 616 1982; x_wconf 71' lang='lat' dir='ltr'>2—3-pollicaris,</span> <span class='ocrx_word' id='word_1_237' title='bbox 657 1939 818 1972; x_wconf 88' lang='lat' dir='ltr'>crassitie</span> <span class='ocrx_word' id='word_1_238' title='bbox 855 1946 982 1980; x_wconf 68' lang='lat' dir='ltr'>pennie</span> <span class='ocrx_word' id='word_1_239' title='bbox 1020 1940 1213 1980; x_wconf 85' lang='lat' dir='ltr'>passerinae</span> <span class='ocrx_word' id='word_1_240' title='bbox 1253 1940 1287 1970; x_wconf 89' lang='lat' dir='ltr'>et</span> <span class='ocrx_word' id='word_1_241' title='bbox 1325 1939 1424 1981; x_wconf 90' lang='lat' dir='ltr'>ultra,</span> <span class='ocrx_word' id='word_1_242' title='bbox 1463 1949 1602 1973; x_wconf 84' lang='lat' dir='ltr'>sursum</span> 
     </span>
     <span class='ocr_line' id='line_1_29' title="bbox 66 1996 1602 2040; baseline 0 -10"><span class='ocrx_word' id='word_1_243' title='bbox 66 1998 199 2030; x_wconf 84' lang='lat' dir='ltr'>sensim</span> <span class='ocrx_word' id='word_1_244' title='bbox 233 1999 423 2040; x_wconf 87' lang='lat' dir='ltr'>attenuata,</span> <span class='ocrx_word' id='word_1_245' title='bbox 451 2006 469 2029; x_wconf 84' lang='lat' dir='ltr'>a</span> <span class='ocrx_word' id='word_1_246' title='bbox 495 1996 572 2029; x_wconf 85' lang='lat' dir='ltr'>basi</span> <span class='ocrx_word' id='word_1_247' title='bbox 606 2006 716 2039; x_wconf 86' lang='lat' dir='ltr'>usque</span> <span class='ocrx_word' id='word_1_248' title='bbox 744 1997 998 2038; x_wconf 77' lang='lat' dir='ltr'>ramosissima,</span> <span class='ocrx_word' id='word_1_249' title='bbox 1026 1997 1131 2029; x_wconf 89' lang='lat' dir='ltr'>ramis</span> <span class='ocrx_word' id='word_1_250' title='bbox 1158 1996 1320 2037; x_wconf 80' lang='lat' dir='ltr'>implexis</span> <span class='ocrx_word' id='word_1_251' title='bbox 1347 2000 1381 2029; x_wconf 84' lang='lat' dir='ltr'>et</span> <span class='ocrx_word' id='word_1_252' title='bbox 1406 1998 1510 2029; x_wconf 88' lang='lat' dir='ltr'>immo</span> <span class='ocrx_word' id='word_1_253' title='bbox 1538 1999 1602 2030; x_wconf 88' lang='lat' dir='ltr'>ali-</span> 
     </span>
     <span class='ocr_line' id='line_1_30' title="bbox 67 2054 1602 2097; baseline 0.001 -10"><span class='ocrx_word' id='word_1_254' title='bbox 67 2054 206 2096; x_wconf 85' lang='lat' dir='ltr'>quando</span> <span class='ocrx_word' id='word_1_255' title='bbox 232 2056 409 2088; x_wconf 84' lang='lat' dir='ltr'>concretis</span> <span class='ocrx_word' id='word_1_256' title='bbox 449 2054 521 2087; x_wconf 84' lang='lat' dir='ltr'>sere</span> <span class='ocrx_word' id='word_1_257' title='bbox 558 2055 835 2088; x_wconf 89' lang='lat' dir='ltr'>horizontalibus</span> <span class='ocrx_word' id='word_1_258' title='bbox 873 2054 1185 2097; x_wconf 81' lang='lat' dir='ltr'>adscendentibus,</span> <span class='ocrx_word' id='word_1_259' title='bbox 1225 2055 1415 2096; x_wconf 84' lang='lat' dir='ltr'>majoribus</span> <span class='ocrx_word' id='word_1_260' title='bbox 1457 2058 1602 2089; x_wconf 89' lang='lat' dir='ltr'>minori-</span> 
     </span>
     <span class='ocr_line' id='line_1_31' title="bbox 66 2112 1601 2156; baseline 0.001 -12"><span class='ocrx_word' id='word_1_261' title='bbox 66 2112 202 2154; x_wconf 86' lang='lat' dir='ltr'>busque</span> <span class='ocrx_word' id='word_1_262' title='bbox 229 2114 359 2155; x_wconf 87' lang='lat' dir='ltr'>mixtis,</span> <span class='ocrx_word' id='word_1_263' title='bbox 387 2112 549 2145; x_wconf 81' lang='lat' dir='ltr'>omnihus</span> <span class='ocrx_word' id='word_1_264' title='bbox 577 2121 595 2145; x_wconf 90' lang='lat' dir='ltr'>a</span> <span class='ocrx_word' id='word_1_265' title='bbox 621 2112 698 2145; x_wconf 89' lang='lat' dir='ltr'>basi</span> <span class='ocrx_word' id='word_1_266' title='bbox 725 2112 768 2145; x_wconf 85' lang='lat' dir='ltr'>ad</span> <span class='ocrx_word' id='word_1_267' title='bbox 790 2113 927 2154; x_wconf 78' lang='lat' dir='ltr'>apicem</span> <span class='ocrx_word' id='word_1_268' title='bbox 950 2113 1201 2145; x_wconf 78' lang='lat' dir='ltr'>rectiusculum</span> <span class='ocrx_word' id='word_1_269' title='bbox 1218 2113 1420 2154; x_wconf 74' lang='lat' dir='ltr'>spinulosis.</span> <span class='ocrx_word' id='word_1_270' title='bbox 1449 2114 1601 2156; x_wconf 66' lang='lat' dir='ltr'>Spitllllll‘</span> 
     </span>
     <span class='ocr_line' id='line_1_32' title="bbox 66 2170 1600 2214; baseline 0.002 -12"><span class='ocrx_word' id='word_1_271' title='bbox 66 2178 350 2212; x_wconf 77' lang='lat' dir='ltr'>quoquoversum</span> <span class='ocrx_word' id='word_1_272' title='bbox 390 2170 612 2211; x_wconf 79' lang='lat' dir='ltr'>egredientes</span> <span class='ocrx_word' id='word_1_273' title='bbox 651 2170 887 2214; x_wconf 73' lang='lat' dir='ltr'>densissimae,</span> <span class='ocrx_word' id='word_1_274' title='bbox 915 2180 932 2202; x_wconf 90' lang='lat' dir='ltr'>a</span> <span class='ocrx_word' id='word_1_275' title='bbox 963 2171 1037 2204; x_wconf 90' lang='lat' dir='ltr'>basi</span> <span class='ocrx_word' id='word_1_276' title='bbox 1074 2172 1195 2203; x_wconf 86' lang='lat' dir='ltr'>latiore</span> <span class='ocrx_word' id='word_1_277' title='bbox 1222 2172 1354 2204; x_wconf 79' lang='lat' dir='ltr'>sensim</span> <span class='ocrx_word' id='word_1_278' title='bbox 1382 2174 1600 2213; x_wconf 66' lang='lat' dir='ltr'>acuminata‘,</span> 
     </span>
     <span class='ocr_line' id='line_1_33' title="bbox 65 2229 1599 2272; baseline 0 -12"><span class='ocrx_word' id='word_1_279' title='bbox 65 2229 174 2262; x_wconf 83' lang='lat' dir='ltr'>firmae</span> <span class='ocrx_word' id='word_1_280' title='bbox 201 2231 236 2262; x_wconf 88' lang='lat' dir='ltr'>et</span> <span class='ocrx_word' id='word_1_281' title='bbox 261 2231 406 2271; x_wconf 65' lang='lat' dir='ltr'>sti-intre,</span> <span class='ocrx_word' id='word_1_282' title='bbox 430 2229 556 2261; x_wconf 86' lang='lat' dir='ltr'>lineam</span> <span class='ocrx_word' id='word_1_283' title='bbox 583 2230 725 2262; x_wconf 86' lang='lat' dir='ltr'>circiter</span> <span class='ocrx_word' id='word_1_284' title='bbox 750 2229 876 2272; x_wconf 80' lang='lat' dir='ltr'>longae,</span> <span class='ocrx_word' id='word_1_285' title='bbox 903 2230 1084 2271; x_wconf 82' lang='lat' dir='ltr'>simplices</span> <span class='ocrx_word' id='word_1_286' title='bbox 1111 2231 1172 2262; x_wconf 88' lang='lat' dir='ltr'>aut</span> <span class='ocrx_word' id='word_1_287' title='bbox 1197 2230 1323 2262; x_wconf 89' lang='lat' dir='ltr'>iterum</span> <span class='ocrx_word' id='word_1_288' title='bbox 1352 2229 1543 2270; x_wconf 52' lang='lat' dir='ltr'>spumosa¹</span> <span class='ocrx_word' id='word_1_289' title='bbox 1568 2232 1599 2260; x_wconf 83' lang='lat' dir='ltr'>et</span> 
     </span>
     <span class='ocr_line' id='line_1_34' title="bbox 65 2285 1599 2330; baseline 0 -12"><span class='ocrx_word' id='word_1_290' title='bbox 65 2287 100 2318; x_wconf 88' lang='lat' dir='ltr'>in</span> <span class='ocrx_word' id='word_1_291' title='bbox 126 2287 279 2320; x_wconf 90' lang='lat' dir='ltr'>ramulos</span> <span class='ocrx_word' id='word_1_292' title='bbox 321 2285 503 2320; x_wconf 88' lang='lat' dir='ltr'>abeuntes.</span> <span class='ocrx_word' id='word_1_293' title='bbox 566 2286 711 2319; x_wconf 80' lang='lat' dir='ltr'>Fertiles</span> <span class='ocrx_word' id='word_1_294' title='bbox 749 2289 882 2329; x_wconf 79' lang='lat' dir='ltr'>saepius</span> <span class='ocrx_word' id='word_1_295' title='bbox 921 2296 1079 2330; x_wconf 64' lang='lat' dir='ltr'>ramosae,</span> <span class='ocrx_word' id='word_1_296' title='bbox 1119 2287 1331 2330; x_wconf 83' lang='lat' dir='ltr'>obtusiores,</span> <span class='ocrx_word' id='word_1_297' title='bbox 1371 2287 1458 2319; x_wconf 81' lang='lat' dir='ltr'>iufra</span> <span class='ocrx_word' id='word_1_298' title='bbox 1487 2288 1599 2327; x_wconf 76' lang='lat' dir='ltr'>ipsum</span> 
     </span>
     <span class='ocr_line' id='line_1_35' title="bbox 67 2344 1600 2388; baseline -0.001 -12"><span class='ocrx_word' id='word_1_299' title='bbox 67 2345 202 2386; x_wconf 85' lang='lat' dir='ltr'>apicem</span> <span class='ocrx_word' id='word_1_300' title='bbox 241 2346 371 2377; x_wconf 62' lang='lat' dir='ltr'>inflatae</span> <span class='ocrx_word' id='word_1_301' title='bbox 397 2345 491 2377; x_wconf 85' lang='lat' dir='ltr'>etin</span> <span class='ocrx_word' id='word_1_302' title='bbox 518 2346 683 2387; x_wconf 87' lang='lat' dir='ltr'>siliquam</span> <span class='ocrx_word' id='word_1_303' title='bbox 720 2344 965 2378; x_wconf 88' lang='lat' dir='ltr'>brevissimam</span> <span class='ocrx_word' id='word_1_304' title='bbox 1003 2347 1248 2388; x_wconf 87' lang='lat' dir='ltr'>acuminatam,</span> <span class='ocrx_word' id='word_1_305' title='bbox 1286 2345 1390 2385; x_wconf 79' lang='lat' dir='ltr'>longo</span> <span class='ocrx_word' id='word_1_306' title='bbox 1429 2347 1463 2376; x_wconf 86' lang='lat' dir='ltr'>et</span> <span class='ocrx_word' id='word_1_307' title='bbox 1503 2345 1600 2375; x_wconf 81' lang='lat' dir='ltr'>lirino</span> 
     </span>
     <span class='ocr_line' id='line_1_36' title="bbox 64 2401 1597 2449; baseline 0.001 -16"><span class='ocrx_word' id='word_1_308' title='bbox 64 2401 238 2443; x_wconf 90' lang='lat' dir='ltr'>pedicello</span> <span class='ocrx_word' id='word_1_309' title='bbox 276 2402 466 2445; x_wconf 82' lang='lat' dir='ltr'>suffultam,</span> <span class='ocrx_word' id='word_1_310' title='bbox 505 2412 597 2437; x_wconf 88' lang='lat' dir='ltr'>nunc</span> <span class='ocrx_word' id='word_1_311' title='bbox 637 2403 826 2449; x_wconf 86' lang='lat' dir='ltr'>obliquam,</span> <span class='ocrx_word' id='word_1_312' title='bbox 867 2404 1050 2437; x_wconf 76' lang='lat' dir='ltr'>abeuntes.</span> <span class='ocrx_word' id='word_1_313' title='bbox 1111 2404 1214 2436; x_wconf 90' lang='lat' dir='ltr'>Color</span> <span class='ocrx_word' id='word_1_314' title='bbox 1250 2404 1378 2445; x_wconf 85' lang='lat' dir='ltr'>pallide</span> <span class='ocrx_word' id='word_1_315' title='bbox 1423 2405 1597 2444; x_wconf 69' lang='lat' dir='ltr'>miniatus,</span> 
     </span>
     <span class='ocr_line' id='line_1_37' title="bbox 65 2460 498 2494; baseline 0.007 -3"><span class='ocrx_word' id='word_1_316' title='bbox 65 2461 320 2494; x_wconf 80' lang='lat' dir='ltr'>marcescentis</span> <span class='ocrx_word' id='word_1_317' title='bbox 347 2460 498 2494; x_wconf 87' lang='lat' dir='ltr'>albidus.</span> 
     </span>
    </p>

    <p class='ocr_par' dir='ltr' id='par_1_9' title="bbox 63 2516 1599 2965">
     <span class='ocr_line' id='line_1_38' title="bbox 159 2516 1599 2563; baseline 0.002 -14"><span class='ocrx_word' id='word_1_318' title='bbox 159 2516 304 2550; x_wconf 87' lang='lat' dir='ltr'>Nomine</span> <span class='ocrx_word' id='word_1_319' title='bbox 342 2517 425 2552; x_wconf 89' lang='lat' dir='ltr'>Fuci</span> <span class='ocrx_word' id='word_1_320' title='bbox 463 2519 635 2553; x_wconf 86' lang='lat' dir='ltr'>hamulosi</span> <span class='ocrx_word' id='word_1_321' title='bbox 675 2521 927 2554; x_wconf 73' lang='lat' dir='ltr'>diversissimae</span> <span class='ocrx_word' id='word_1_322' title='bbox 964 2522 1104 2563; x_wconf 84' lang='lat' dir='ltr'>speeies</span> <span class='ocrx_word' id='word_1_323' title='bbox 1143 2520 1184 2553; x_wconf 86' lang='lat' dir='ltr'>ab</span> <span class='ocrx_word' id='word_1_324' title='bbox 1223 2521 1434 2553; x_wconf 81' lang='lat' dir='ltr'>Auctoribus</span> <span class='ocrx_word' id='word_1_325' title='bbox 1470 2520 1599 2553; x_wconf 89' lang='lat' dir='ltr'>intelli-</span> 
     </span>
     <span class='ocr_line' id='line_1_39' title="bbox 65 2576 1598 2621; baseline 0.001 -12"><span class='ocrx_word' id='word_1_326' title='bbox 65 2579 204 2618; x_wconf 86' lang='lat' dir='ltr'>guntur.</span> <span class='ocrx_word' id='word_1_327' title='bbox 266 2576 343 2618; x_wconf 86' lang='lat' dir='ltr'>lpse</span> <span class='ocrx_word' id='word_1_328' title='bbox 382 2585 468 2609; x_wconf 89' lang='lat' dir='ltr'>sanc</span> <span class='ocrx_word' id='word_1_329' title='bbox 506 2578 609 2619; x_wconf 79' lang='lat' dir='ltr'>longe</span> <span class='ocrx_word' id='word_1_330' title='bbox 648 2579 750 2611; x_wconf 82' lang='lat' dir='ltr'>aliam</span> <span class='ocrx_word' id='word_1_331' title='bbox 789 2580 947 2620; x_wconf 87' lang='lat' dir='ltr'>speciem</span> <span class='ocrx_word' id='word_1_332' title='bbox 985 2578 1050 2611; x_wconf 91' lang='lat' dir='ltr'>sub</span> <span class='ocrx_word' id='word_1_333' title='bbox 1085 2579 1151 2610; x_wconf 87' lang='lat' dir='ltr'>lioc</span> <span class='ocrx_word' id='word_1_334' title='bbox 1178 2580 1317 2611; x_wconf 89' lang='lat' dir='ltr'>nomine</span> <span class='ocrx_word' id='word_1_335' title='bbox 1343 2579 1458 2621; x_wconf 84' lang='lat' dir='ltr'>habui,</span> <span class='ocrx_word' id='word_1_336' title='bbox 1486 2579 1598 2611; x_wconf 89' lang='lat' dir='ltr'>donec</span> 
     </span>
     <span class='ocr_line' id='line_1_40' title="bbox 63 2635 1598 2678; baseline 0.001 -11"><span class='ocrx_word' id='word_1_337' title='bbox 63 2636 289 2678; x_wconf 74' lang='lat' dir='ltr'>praesentem,</span> <span class='ocrx_word' id='word_1_338' title='bbox 317 2644 397 2668; x_wconf 87' lang='lat' dir='ltr'>cum</span> <span class='ocrx_word' id='word_1_339' title='bbox 423 2637 525 2669; x_wconf 86' lang='lat' dir='ltr'>icone</span> <span class='ocrx_word' id='word_1_340' title='bbox 551 2635 767 2670; x_wconf 84' lang='lat' dir='ltr'>Turneriana</span> <span class='ocrx_word' id='word_1_341' title='bbox 794 2638 934 2677; x_wconf 80' lang='lat' dir='ltr'>egregie</span> <span class='ocrx_word' id='word_1_342' title='bbox 961 2638 1240 2678; x_wconf 85' lang='lat' dir='ltr'>convenientem,</span> <span class='ocrx_word' id='word_1_343' title='bbox 1268 2637 1481 2670; x_wconf 82' lang='lat' dir='ltr'>inveneram.</span> <span class='ocrx_word' id='word_1_344' title='bbox 1531 2636 1598 2669; x_wconf 86' lang='lat' dir='ltr'>Fu-</span> 
     </span>
     <span class='ocr_line' id='line_1_41' title="bbox 66 2692 1598 2736; baseline 0 -10"><span class='ocrx_word' id='word_1_345' title='bbox 66 2701 145 2726; x_wconf 90' lang='lat' dir='ltr'>cum</span> <span class='ocrx_word' id='word_1_346' title='bbox 171 2692 389 2726; x_wconf 88' lang='lat' dir='ltr'>hamulosum</span> <span class='ocrx_word' id='word_1_347' title='bbox 416 2693 538 2735; x_wconf 86' lang='lat' dir='ltr'>Esperi</span> <span class='ocrx_word' id='word_1_348' title='bbox 565 2696 625 2727; x_wconf 91' lang='lat' dir='ltr'>aut</span> <span class='ocrx_word' id='word_1_349' title='bbox 651 2695 694 2727; x_wconf 82' lang='lat' dir='ltr'>ad</span> <span class='ocrx_word' id='word_1_350' title='bbox 719 2694 758 2727; x_wconf 91' lang='lat' dir='ltr'>H.</span> <span class='ocrx_word' id='word_1_351' title='bbox 786 2695 1045 2733; x_wconf 74' lang='lat' dir='ltr'>nigrescentem</span> <span class='ocrx_word' id='word_1_352' title='bbox 1072 2694 1131 2726; x_wconf 90' lang='lat' dir='ltr'>aut</span> <span class='ocrx_word' id='word_1_353' title='bbox 1157 2693 1199 2726; x_wconf 88' lang='lat' dir='ltr'>ad</span> <span class='ocrx_word' id='word_1_354' title='bbox 1225 2693 1458 2735; x_wconf 61' lang='lat' dir='ltr'>Cystoseirum</span> <span class='ocrx_word' id='word_1_355' title='bbox 1485 2702 1598 2736; x_wconf 87' lang='lat' dir='ltr'>quau-</span> 
     </span>
     <span class='ocr_line' id='line_1_42' title="bbox 66 2749 1597 2792; baseline 0 -10"><span class='ocrx_word' id='word_1_356' title='bbox 66 2749 144 2782; x_wconf 90' lang='lat' dir='ltr'>dam</span> <span class='ocrx_word' id='word_1_357' title='bbox 170 2749 394 2784; x_wconf 83' lang='lat' dir='ltr'>referendum</span> <span class='ocrx_word' id='word_1_358' title='bbox 421 2760 564 2785; x_wconf 83' lang='lat' dir='ltr'>censeo.</span> <span class='ocrx_word' id='word_1_359' title='bbox 592 2752 766 2785; x_wconf 86' lang='lat' dir='ltr'>Chondria</span> <span class='ocrx_word' id='word_1_360' title='bbox 793 2751 973 2784; x_wconf 81' lang='lat' dir='ltr'>liamulosa</span> <span class='ocrx_word' id='word_1_361' title='bbox 999 2751 1060 2791; x_wconf 73' lang='lat' dir='ltr'>Ag.</span> <span class='ocrx_word' id='word_1_362' title='bbox 1089 2753 1142 2782; x_wconf 88' lang='lat' dir='ltr'>est</span> <span class='ocrx_word' id='word_1_363' title='bbox 1168 2752 1307 2792; x_wconf 76' lang='lat' dir='ltr'>species</span> <span class='ocrx_word' id='word_1_364' title='bbox 1327 2751 1465 2783; x_wconf 88' lang='lat' dir='ltr'>diversa</span> <span class='ocrx_word' id='word_1_365' title='bbox 1493 2751 1597 2784; x_wconf 61' lang='lat' dir='ltr'>lndiai</span> 
     </span>
     <span class='ocr_line' id='line_1_43' title="bbox 64 2806 1598 2851; baseline 0.001 -12"><span class='ocrx_word' id='word_1_366' title='bbox 64 2807 306 2842; x_wconf 85' lang='lat' dir='ltr'>occidentalis.</span> <span class='ocrx_word' id='word_1_367' title='bbox 367 2809 555 2851; x_wconf 86' lang='lat' dir='ltr'>Specimen</span> <span class='ocrx_word' id='word_1_368' title='bbox 594 2811 753 2843; x_wconf 89' lang='lat' dir='ltr'>nostrum</span> <span class='ocrx_word' id='word_1_369' title='bbox 791 2812 844 2841; x_wconf 85' lang='lat' dir='ltr'>est</span> <span class='ocrx_word' id='word_1_370' title='bbox 879 2809 1012 2841; x_wconf 87' lang='lat' dir='ltr'>firmius</span> <span class='ocrx_word' id='word_1_371' title='bbox 1051 2817 1154 2850; x_wconf 87' lang='lat' dir='ltr'>quam</span> <span class='ocrx_word' id='word_1_372' title='bbox 1180 2809 1298 2850; x_wconf 87' lang='lat' dir='ltr'>planta</span> <span class='ocrx_word' id='word_1_373' title='bbox 1323 2806 1534 2841; x_wconf 88' lang='lat' dir='ltr'>Turneriana</span> <span class='ocrx_word' id='word_1_374' title='bbox 1563 2811 1598 2840; x_wconf 92' lang='lat' dir='ltr'>et</span> 
     </span>
     <span class='ocr_line' id='line_1_44' title="bbox 65 2858 1597 2909; baseline 0.002 -13"><span class='ocrx_word' id='word_1_375' title='bbox 65 2872 84 2896; x_wconf 88' lang='lat' dir='ltr'>a</span> <span class='ocrx_word' id='word_1_376' title='bbox 109 2858 191 2906; x_wconf 87' lang='lat' dir='ltr'>Cap.</span> <span class='ocrx_word' id='word_1_377' title='bbox 217 2865 252 2898; x_wconf 90' lang='lat' dir='ltr'>b.</span> <span class='ocrx_word' id='word_1_378' title='bbox 278 2865 359 2908; x_wconf 88' lang='lat' dir='ltr'>Spei</span> <span class='ocrx_word' id='word_1_379' title='bbox 387 2868 584 2901; x_wconf 88' lang='lat' dir='ltr'>oriundum.</span> <span class='ocrx_word' id='word_1_380' title='bbox 635 2866 695 2900; x_wconf 81' lang='lat' dir='ltr'>Vix</span> <span class='ocrx_word' id='word_1_381' title='bbox 722 2870 838 2899; x_wconf 85' lang='lat' dir='ltr'>tamen</span> <span class='ocrx_word' id='word_1_382' title='bbox 866 2866 1104 2898; x_wconf 80' lang='lat' dir='ltr'>diversitatem</span> <span class='ocrx_word' id='word_1_383' title='bbox 1131 2868 1336 2909; x_wconf 81' lang='lat' dir='ltr'>specificam</span> <span class='ocrx_word' id='word_1_384' title='bbox 1356 2868 1446 2899; x_wconf 88' lang='lat' dir='ltr'>inter</span> <span class='ocrx_word' id='word_1_385' title='bbox 1459 2866 1597 2908; x_wconf 88' lang='lat' dir='ltr'>plantas</span> 
     </span>
     <span class='ocr_line' id='line_1_45' title="bbox 65 2923 1024 2965; baseline 0.003 -13"><span class='ocrx_word' id='word_1_386' title='bbox 65 2923 136 2954; x_wconf 86' lang='lat' dir='ltr'>tam</span> <span class='ocrx_word' id='word_1_387' title='bbox 160 2923 196 2956; x_wconf 88' lang='lat' dir='ltr'>in</span> <span class='ocrx_word' id='word_1_388' title='bbox 222 2924 488 2958; x_wconf 80' lang='lat' dir='ltr'>omnibus&#39;aliis</span> <span class='ocrx_word' id='word_1_389' title='bbox 516 2925 767 2959; x_wconf 79' lang='lat' dir='ltr'>convenientes</span> <span class='ocrx_word' id='word_1_390' title='bbox 794 2924 1024 2965; x_wconf 87' lang='lat' dir='ltr'>suspicarem.</span> 
     </span>
    </p>
   </div>
  </div>
 </body>
</html>
