<?xml version="1.0" encoding="UTF-8"?>
<!DOCTYPE html PUBLIC "-//W3C//DTD XHTML 1.0 Transitional//EN"
    "http://www.w3.org/TR/xhtml1/DTD/xhtml1-transitional.dtd">
<html xmlns="http://www.w3.org/1999/xhtml" xml:lang="en" lang="en">
 <head>
  <title>
</title>
<meta http-equiv="Content-Type" content="text/html;charset=utf-8" />
  <meta name='ocr-system' content='tesseract 3.04.00' />
  <meta name='ocr-capabilities' content='ocr_page ocr_carea ocr_par ocr_line ocrx_word'/>
</head>
<body>
  <div class='ocr_page' id='page_1' title='image "./speciesgeneraeto0202agar_0405.png"; bbox 0 0 1895 3208; ppageno 0'>
   <div class='ocr_carea' id='block_1_1' title="bbox 1516 138 1607 177">
    <p class='ocr_par' dir='ltr' id='par_1_1' title="bbox 1516 138 1607 177">
     <span class='ocr_line' id='line_1_1' title="bbox 1516 138 1607 177; baseline 0.011 -1"><span class='ocrx_word' id='word_1_1' title='bbox 1516 138 1607 177; x_wconf 77' lang='lat'>703</span> 
     </span>
    </p>
   </div>
   <div class='ocr_carea' id='block_1_2' title="bbox 88 268 1646 2978">
    <p class='ocr_par' dir='ltr' id='par_1_2' title="bbox 191 268 1617 735">
     <span class='ocr_line' id='line_1_2' title="bbox 191 268 1609 321; baseline -0.013 0"><span class='ocrx_word' id='word_1_2' title='bbox 191 283 380 321; x_wconf 81' lang='lat' dir='ltr'>exteriore</span> <span class='ocrx_word' id='word_1_3' title='bbox 426 281 570 319; x_wconf 85' lang='lat' dir='ltr'>cellulis</span> <span class='ocrx_word' id='word_1_4' title='bbox 618 277 826 317; x_wconf 68' lang='lat' dir='ltr'>rotundatis</span> <span class='ocrx_word' id='word_1_5' title='bbox 872 275 1050 313; x_wconf 82' lang='lat' dir='ltr'>coloratis</span> <span class='ocrx_word' id='word_1_6' title='bbox 1095 271 1312 311; x_wconf 88' lang='lat' dir='ltr'>subseriatis</span> <span class='ocrx_word' id='word_1_7' title='bbox 1359 268 1609 307; x_wconf 72' lang='lat' dir='ltr'>verticalibus.</span> 
     </span>
     <span class='ocr_line' id='line_1_3' title="bbox 193 339 1612 399; baseline -0.01 -11"><span class='ocrx_word' id='word_1_8' title='bbox 193 351 453 399; x_wconf 69' lang='lat' dir='ltr'>Cyscocarpia</span> <span class='ocrx_word' id='word_1_9' title='bbox 484 349 528 385; x_wconf 86' lang='lat' dir='ltr'>ad</span> <span class='ocrx_word' id='word_1_10' title='bbox 563 358 687 385; x_wconf 80' lang='lat' dir='ltr'>ramos</span> <span class='ocrx_word' id='word_1_11' title='bbox 719 345 860 383; x_wconf 73' lang='lat' dir='ltr'>sessilia</span> <span class='ocrx_word' id='word_1_12' title='bbox 892 343 1155 392; x_wconf 77' lang='lat' dir='ltr'>subspluurica,</span> <span class='ocrx_word' id='word_1_13' title='bbox 1189 340 1402 390; x_wconf 85' lang='lat' dir='ltr'>pericarpio</span> <span class='ocrx_word' id='word_1_14' title='bbox 1429 339 1612 376; x_wconf 85' lang='lat' dir='ltr'>celluloso</span> 
     </span>
     <span class='ocr_line' id='line_1_4' title="bbox 192 405 1611 466; baseline -0.011 -9"><span class='ocrx_word' id='word_1_15' title='bbox 192 421 344 457; x_wconf 76' lang='lat' dir='ltr'>demum</span> <span class='ocrx_word' id='word_1_16' title='bbox 378 416 635 466; x_wconf 77' lang='lat' dir='ltr'>cai-postumio</span> <span class='ocrx_word' id='word_1_17' title='bbox 666 417 798 462; x_wconf 87' lang='lat' dir='ltr'>aperto</span> <span class='ocrx_word' id='word_1_18' title='bbox 830 412 985 461; x_wconf 87' lang='lat' dir='ltr'>munita,</span> <span class='ocrx_word' id='word_1_19' title='bbox 1011 423 1028 447; x_wconf 89' lang='lat' dir='ltr'>a</span> <span class='ocrx_word' id='word_1_20' title='bbox 1055 412 1225 459; x_wconf 88' lang='lat' dir='ltr'>placenta</span> <span class='ocrx_word' id='word_1_21' title='bbox 1259 408 1369 445; x_wconf 87' lang='lat' dir='ltr'>basali</span> <span class='ocrx_word' id='word_1_22' title='bbox 1403 405 1611 443; x_wconf 85' lang='lat' dir='ltr'>emittentia</span> 
     </span>
     <span class='ocr_line' id='line_1_5' title="bbox 194 475 1613 534; baseline -0.01 -12"><span class='ocrx_word' id='word_1_23' title='bbox 194 487 253 523; x_wconf 87' lang='lat' dir='ltr'>tila</span> <span class='ocrx_word' id='word_1_24' title='bbox 284 485 444 534; x_wconf 84' lang='lat' dir='ltr'>plurima</span> <span class='ocrx_word' id='word_1_25' title='bbox 475 484 681 531; x_wconf 87' lang='lat' dir='ltr'>articulata,</span> <span class='ocrx_word' id='word_1_26' title='bbox 713 480 916 529; x_wconf 74' lang='lat' dir='ltr'>gemmidia</span> <span class='ocrx_word' id='word_1_27' title='bbox 950 477 1353 524; x_wconf 68' lang='lat' dir='ltr'>romundato-angulata</span> <span class='ocrx_word' id='word_1_28' title='bbox 1381 475 1416 512; x_wconf 92' lang='lat' dir='ltr'>in</span> <span class='ocrx_word' id='word_1_29' title='bbox 1437 475 1613 511; x_wconf 84' lang='lat' dir='ltr'>nucleum</span> 
     </span>
     <span class='ocr_line' id='line_1_6' title="bbox 194 541 1616 601; baseline -0.011 -10"><span class='ocrx_word' id='word_1_30' title='bbox 194 557 297 591; x_wconf 83' lang='lat' dir='ltr'>arcte</span> <span class='ocrx_word' id='word_1_31' title='bbox 327 552 550 601; x_wconf 78' lang='lat' dir='ltr'>conglobata</span> <span class='ocrx_word' id='word_1_32' title='bbox 583 549 816 587; x_wconf 79' lang='lat' dir='ltr'>sustinentia.</span> <span class='ocrx_word' id='word_1_33' title='bbox 881 546 1176 594; x_wconf 73' lang='lat' dir='ltr'>Sphaerosporoe</span> <span class='ocrx_word' id='word_1_34' title='bbox 1208 545 1242 581; x_wconf 93' lang='lat' dir='ltr'>in</span> <span class='ocrx_word' id='word_1_35' title='bbox 1277 543 1428 580; x_wconf 83' lang='lat' dir='ltr'>ramulis</span> <span class='ocrx_word' id='word_1_36' title='bbox 1454 541 1616 590; x_wconf 83' lang='lat' dir='ltr'>propriis</span> 
     </span>
     <span class='ocr_line' id='line_1_7' title="bbox 196 611 1617 667; baseline -0.01 -9"><span class='ocrx_word' id='word_1_37' title='bbox 196 621 441 659; x_wconf 72' lang='lat' dir='ltr'>circumcirca</span> <span class='ocrx_word' id='word_1_38' title='bbox 475 619 647 667; x_wconf 65' lang='lat' dir='ltr'>evolutae,</span> <span class='ocrx_word' id='word_1_39' title='bbox 680 617 778 653; x_wconf 87' lang='lat' dir='ltr'>inter</span> <span class='ocrx_word' id='word_1_40' title='bbox 809 615 960 652; x_wconf 87' lang='lat' dir='ltr'>cellulas</span> <span class='ocrx_word' id='word_1_41' title='bbox 990 614 1092 651; x_wconf 84' lang='lat' dir='ltr'>strati</span> <span class='ocrx_word' id='word_1_42' title='bbox 1110 612 1356 661; x_wconf 78' lang='lat' dir='ltr'>superficialis</span> <span class='ocrx_word' id='word_1_43' title='bbox 1375 611 1617 660; x_wconf 71' lang='lat' dir='ltr'>peculiariter</span> 
     </span>
     <span class='ocr_line' id='line_1_8' title="bbox 197 682 985 735; baseline -0.01 -9"><span class='ocrx_word' id='word_1_44' title='bbox 197 688 335 727; x_wconf 89' lang='lat' dir='ltr'>evoluti</span> <span class='ocrx_word' id='word_1_45' title='bbox 369 690 591 735; x_wconf 73' lang='lat' dir='ltr'>aggregatae,</span> <span class='ocrx_word' id='word_1_46' title='bbox 623 683 818 722; x_wconf 87' lang='lat' dir='ltr'>cruciatim</span> <span class='ocrx_word' id='word_1_47' title='bbox 849 682 985 718; x_wconf 68' lang='lat' dir='ltr'>diviszc.</span> 
     </span>
    </p>

    <p class='ocr_par' dir='ltr' id='par_1_3' title="bbox 88 747 1618 1010">
     <span class='ocr_line' id='line_1_9' title="bbox 197 747 1617 803; baseline -0.01 -9"><span class='ocrx_word' id='word_1_48' title='bbox 197 756 364 795; x_wconf 73' lang='lat' dir='ltr'>Frondes</span> <span class='ocrx_word' id='word_1_49' title='bbox 395 755 441 792; x_wconf 89' lang='lat' dir='ltr'>ab</span> <span class='ocrx_word' id='word_1_50' title='bbox 471 754 703 803; x_wconf 74' lang='lat' dir='ltr'>expansione</span> <span class='ocrx_word' id='word_1_51' title='bbox 735 754 925 788; x_wconf 84' lang='lat' dir='ltr'>crustacea</span> <span class='ocrx_word' id='word_1_52' title='bbox 953 747 1617 798; x_wconf 59' lang='lat' dir='ltr'>erectae,enimn-ocem,dichoiomm</span> 
     </span>
     <span class='ocr_line' id='line_1_10' title="bbox 88 816 1618 871; baseline -0.008 -8"><span class='ocrx_word' id='word_1_53' title='bbox 88 828 150 864; x_wconf 86' lang='lat' dir='ltr'>aut</span> <span class='ocrx_word' id='word_1_54' title='bbox 179 824 384 862; x_wconf 72' lang='lat' dir='ltr'>lateraliter</span> <span class='ocrx_word' id='word_1_55' title='bbox 423 823 634 871; x_wconf 74' lang='lat' dir='ltr'>ramuloszc,</span> <span class='ocrx_word' id='word_1_56' title='bbox 672 820 824 857; x_wconf 87' lang='lat' dir='ltr'>ramulis</span> <span class='ocrx_word' id='word_1_57' title='bbox 862 817 1135 867; x_wconf 78' lang='lat' dir='ltr'>conformibus,</span> <span class='ocrx_word' id='word_1_58' title='bbox 1167 817 1400 866; x_wconf 73' lang='lat' dir='ltr'>acuminatis,</span> <span class='ocrx_word' id='word_1_59' title='bbox 1433 816 1618 853; x_wconf 75' lang='lat' dir='ltr'>fertilibus</span> 
     </span>
     <span class='ocr_line' id='line_1_11' title="bbox 90 883 1618 938; baseline -0.008 -7"><span class='ocrx_word' id='word_1_60' title='bbox 90 893 238 931; x_wconf 83' lang='lat' dir='ltr'>clavatis</span> <span class='ocrx_word' id='word_1_61' title='bbox 278 895 340 928; x_wconf 90' lang='lat' dir='ltr'>aut</span> <span class='ocrx_word' id='word_1_62' title='bbox 377 889 731 938; x_wconf 80' lang='lat' dir='ltr'>siliquaesormibus3</span> <span class='ocrx_word' id='word_1_63' title='bbox 771 890 944 924; x_wconf 78' lang='lat' dir='ltr'>recentes</span> <span class='ocrx_word' id='word_1_64' title='bbox 991 885 1179 924; x_wconf 67' lang='lat' dir='ltr'>coccineze</span> <span class='ocrx_word' id='word_1_65' title='bbox 1213 895 1393 933; x_wconf 75' lang='lat' dir='ltr'>carnosm,</span> <span class='ocrx_word' id='word_1_66' title='bbox 1426 883 1618 919; x_wconf 79' lang='lat' dir='ltr'>exsiccatae</span> 
     </span>
     <span class='ocr_line' id='line_1_12' title="bbox 90 956 773 1010; baseline -0.007 -13"><span class='ocrx_word' id='word_1_67' title='bbox 90 962 408 1010; x_wconf 77' lang='lat' dir='ltr'>purpurascentes</span> <span class='ocrx_word' id='word_1_68' title='bbox 438 956 773 1004; x_wconf 71' lang='lat' dir='ltr'>subcartilagineae.</span> 
     </span>
    </p>

    <p class='ocr_par' dir='ltr' id='par_1_4' title="bbox 90 1018 1625 1345">
     <span class='ocr_line' id='line_1_13' title="bbox 200 1018 1620 1065; baseline -0.008 0"><span class='ocrx_word' id='word_1_69' title='bbox 200 1028 328 1065; x_wconf 85' lang='lat' dir='ltr'>Stratis</span> <span class='ocrx_word' id='word_1_70' title='bbox 357 1025 506 1063; x_wconf 87' lang='lat' dir='ltr'>duobus</span> <span class='ocrx_word' id='word_1_71' title='bbox 538 1024 691 1062; x_wconf 82' lang='lat' dir='ltr'>frondes</span> <span class='ocrx_word' id='word_1_72' title='bbox 723 1022 933 1060; x_wconf 80' lang='lat' dir='ltr'>constitutae</span> <span class='ocrx_word' id='word_1_73' title='bbox 965 1024 1061 1058; x_wconf 86' lang='lat' dir='ltr'>sunt.</span> <span class='ocrx_word' id='word_1_74' title='bbox 1093 1021 1241 1058; x_wconf 82' lang='lat' dir='ltr'>Cellulae</span> <span class='ocrx_word' id='word_1_75' title='bbox 1264 1018 1465 1056; x_wconf 86' lang='lat' dir='ltr'>interiores</span> <span class='ocrx_word' id='word_1_76' title='bbox 1485 1022 1620 1055; x_wconf 85' lang='lat' dir='ltr'>rotun-</span> 
     </span>
     <span class='ocr_line' id='line_1_14' title="bbox 90 1086 1622 1144; baseline -0.007 -12"><span class='ocrx_word' id='word_1_77' title='bbox 90 1094 395 1144; x_wconf 71' lang='lat' dir='ltr'>dato-oblongae,</span> <span class='ocrx_word' id='word_1_78' title='bbox 438 1091 644 1142; x_wconf 87' lang='lat' dir='ltr'>parietibus</span> <span class='ocrx_word' id='word_1_79' title='bbox 685 1091 923 1128; x_wconf 82' lang='lat' dir='ltr'>tenuioribus</span> <span class='ocrx_word' id='word_1_80' title='bbox 964 1091 1160 1138; x_wconf 78' lang='lat' dir='ltr'>contextae,</span> <span class='ocrx_word' id='word_1_81' title='bbox 1203 1088 1238 1125; x_wconf 92' lang='lat' dir='ltr'>in</span> <span class='ocrx_word' id='word_1_82' title='bbox 1277 1088 1399 1136; x_wconf 86' lang='lat' dir='ltr'>planta</span> <span class='ocrx_word' id='word_1_83' title='bbox 1432 1086 1622 1123; x_wconf 80' lang='lat' dir='ltr'>fructifera</span> 
     </span>
     <span class='ocr_line' id='line_1_15' title="bbox 92 1152 1624 1211; baseline -0.008 -11"><span class='ocrx_word' id='word_1_84' title='bbox 92 1164 231 1211; x_wconf 77' lang='lat' dir='ltr'>(soepe)</span> <span class='ocrx_word' id='word_1_85' title='bbox 271 1162 473 1210; x_wconf 80' lang='lat' dir='ltr'>granulosa</span> <span class='ocrx_word' id='word_1_86' title='bbox 514 1159 721 1197; x_wconf 85' lang='lat' dir='ltr'>substantia</span> <span class='ocrx_word' id='word_1_87' title='bbox 765 1159 909 1207; x_wconf 70' lang='lat' dir='ltr'>sarctze,</span> <span class='ocrx_word' id='word_1_88' title='bbox 955 1157 1142 1194; x_wconf 89' lang='lat' dir='ltr'>centrales</span> <span class='ocrx_word' id='word_1_89' title='bbox 1174 1154 1381 1204; x_wconf 78' lang='lat' dir='ltr'>longiores,</span> <span class='ocrx_word' id='word_1_90' title='bbox 1414 1152 1624 1190; x_wconf 73' lang='lat' dir='ltr'>exteriores</span> 
     </span>
     <span class='ocr_line' id='line_1_16' title="bbox 94 1221 1625 1278; baseline -0.007 -12"><span class='ocrx_word' id='word_1_91' title='bbox 94 1229 301 1278; x_wconf 84' lang='lat' dir='ltr'>breviores,</span> <span class='ocrx_word' id='word_1_92' title='bbox 345 1227 585 1277; x_wconf 85' lang='lat' dir='ltr'>superficiem</span> <span class='ocrx_word' id='word_1_93' title='bbox 631 1238 760 1265; x_wconf 87' lang='lat' dir='ltr'>versus</span> <span class='ocrx_word' id='word_1_94' title='bbox 805 1226 946 1264; x_wconf 84' lang='lat' dir='ltr'>sensim</span> <span class='ocrx_word' id='word_1_95' title='bbox 985 1225 1172 1274; x_wconf 86' lang='lat' dir='ltr'>minores;</span> <span class='ocrx_word' id='word_1_96' title='bbox 1205 1224 1347 1261; x_wconf 68' lang='lat' dir='ltr'>cellulae</span> <span class='ocrx_word' id='word_1_97' title='bbox 1378 1221 1625 1272; x_wconf 68' lang='lat' dir='ltr'>peripliericze</span> 
     </span>
     <span class='ocr_line' id='line_1_17' title="bbox 94 1290 1445 1345; baseline -0.004 -9"><span class='ocrx_word' id='word_1_98' title='bbox 94 1299 246 1336; x_wconf 78' lang='lat' dir='ltr'>minutae</span> <span class='ocrx_word' id='word_1_99' title='bbox 279 1296 488 1335; x_wconf 78' lang='lat' dir='ltr'>rotundatae</span> <span class='ocrx_word' id='word_1_100' title='bbox 520 1297 696 1334; x_wconf 61' lang='lat' dir='ltr'>colorata}</span> <span class='ocrx_word' id='word_1_101' title='bbox 729 1295 898 1345; x_wconf 81' lang='lat' dir='ltr'>pluribus</span> <span class='ocrx_word' id='word_1_102' title='bbox 930 1295 1009 1331; x_wconf 84' lang='lat' dir='ltr'>sere</span> <span class='ocrx_word' id='word_1_103' title='bbox 1040 1293 1211 1331; x_wconf 85' lang='lat' dir='ltr'>seriebus</span> <span class='ocrx_word' id='word_1_104' title='bbox 1242 1290 1445 1340; x_wconf 83' lang='lat' dir='ltr'>dispositae.</span> 
     </span>
    </p>

    <p class='ocr_par' dir='ltr' id='par_1_5' title="bbox 95 1358 1636 2163">
     <span class='ocr_line' id='line_1_18' title="bbox 204 1358 1625 1414; baseline -0.006 -11"><span class='ocrx_word' id='word_1_105' title='bbox 204 1366 441 1414; x_wconf 82' lang='lat' dir='ltr'>Cystocarpia</span> <span class='ocrx_word' id='word_1_106' title='bbox 473 1365 509 1402; x_wconf 90' lang='lat' dir='ltr'>in</span> <span class='ocrx_word' id='word_1_107' title='bbox 541 1375 613 1401; x_wconf 83' lang='lat' dir='ltr'>una</span> <span class='ocrx_word' id='word_1_108' title='bbox 645 1364 774 1413; x_wconf 87' lang='lat' dir='ltr'>specie</span> <span class='ocrx_word' id='word_1_109' title='bbox 815 1363 1024 1413; x_wconf 85' lang='lat' dir='ltr'>observata,</span> <span class='ocrx_word' id='word_1_110' title='bbox 1056 1361 1100 1399; x_wconf 84' lang='lat' dir='ltr'>ad</span> <span class='ocrx_word' id='word_1_111' title='bbox 1134 1373 1259 1398; x_wconf 83' lang='lat' dir='ltr'>ramos</span> <span class='ocrx_word' id='word_1_112' title='bbox 1292 1360 1450 1409; x_wconf 86' lang='lat' dir='ltr'>sessilia,</span> <span class='ocrx_word' id='word_1_113' title='bbox 1482 1358 1625 1406; x_wconf 81' lang='lat' dir='ltr'>singula</span> 
     </span>
     <span class='ocr_line' id='line_1_19' title="bbox 95 1427 1627 1481; baseline -0.005 -10"><span class='ocrx_word' id='word_1_114' title='bbox 95 1434 182 1472; x_wconf 85' lang='lat' dir='ltr'>bina</span> <span class='ocrx_word' id='word_1_115' title='bbox 213 1437 276 1471; x_wconf 79' lang='lat' dir='ltr'>aut</span> <span class='ocrx_word' id='word_1_116' title='bbox 303 1433 465 1481; x_wconf 82' lang='lat' dir='ltr'>plurima</span> <span class='ocrx_word' id='word_1_117' title='bbox 504 1431 775 1481; x_wconf 80' lang='lat' dir='ltr'>adproximata,</span> <span class='ocrx_word' id='word_1_118' title='bbox 814 1431 895 1468; x_wconf 83' lang='lat' dir='ltr'>sere</span> <span class='ocrx_word' id='word_1_119' title='bbox 925 1429 1118 1479; x_wconf 82' lang='lat' dir='ltr'>sphaerica,</span> <span class='ocrx_word' id='word_1_120' title='bbox 1149 1428 1255 1477; x_wconf 81' lang='lat' dir='ltr'>quasi</span> <span class='ocrx_word' id='word_1_121' title='bbox 1289 1427 1450 1476; x_wconf 78' lang='lat' dir='ltr'>gelatina</span> <span class='ocrx_word' id='word_1_122' title='bbox 1483 1427 1627 1473; x_wconf 80' lang='lat' dir='ltr'>byalina</span> 
     </span>
     <span class='ocr_line' id='line_1_20' title="bbox 97 1496 1626 1548; baseline -0.004 -9"><span class='ocrx_word' id='word_1_123' title='bbox 97 1501 134 1539; x_wconf 87' lang='lat' dir='ltr'>in</span> <span class='ocrx_word' id='word_1_124' title='bbox 164 1501 373 1539; x_wconf 75' lang='lat' dir='ltr'>madefacta</span> <span class='ocrx_word' id='word_1_125' title='bbox 404 1511 559 1548; x_wconf 88' lang='lat' dir='ltr'>quoque</span> <span class='ocrx_word' id='word_1_126' title='bbox 591 1499 795 1548; x_wconf 85' lang='lat' dir='ltr'>conspicua</span> <span class='ocrx_word' id='word_1_127' title='bbox 827 1497 1084 1548; x_wconf 85' lang='lat' dir='ltr'>cincta,apice</span> <span class='ocrx_word' id='word_1_128' title='bbox 1104 1496 1280 1544; x_wconf 78' lang='lat' dir='ltr'>(demum</span> <span class='ocrx_word' id='word_1_129' title='bbox 1299 1496 1442 1542; x_wconf 86' lang='lat' dir='ltr'>saltim)</span> <span class='ocrx_word' id='word_1_130' title='bbox 1463 1499 1626 1544; x_wconf 84' lang='lat' dir='ltr'>pertusa.</span> 
     </span>
     <span class='ocr_line' id='line_1_21' title="bbox 98 1564 1630 1618; baseline -0.006 -11"><span class='ocrx_word' id='word_1_131' title='bbox 98 1569 353 1618; x_wconf 82' lang='lat' dir='ltr'>Pericarpium</span> <span class='ocrx_word' id='word_1_132' title='bbox 384 1567 471 1604; x_wconf 85' lang='lat' dir='ltr'>satis</span> <span class='ocrx_word' id='word_1_133' title='bbox 501 1577 681 1616; x_wconf 82' lang='lat' dir='ltr'>crassum,</span> <span class='ocrx_word' id='word_1_134' title='bbox 712 1566 853 1614; x_wconf 90' lang='lat' dir='ltr'>duplici</span> <span class='ocrx_word' id='word_1_135' title='bbox 886 1565 1106 1602; x_wconf 79' lang='lat' dir='ltr'>cellularum</span> <span class='ocrx_word' id='word_1_136' title='bbox 1139 1567 1256 1601; x_wconf 88' lang='lat' dir='ltr'>strato</span> <span class='ocrx_word' id='word_1_137' title='bbox 1288 1564 1368 1601; x_wconf 82' lang='lat' dir='ltr'>sere</span> <span class='ocrx_word' id='word_1_138' title='bbox 1399 1565 1630 1611; x_wconf 78' lang='lat' dir='ltr'>contextum,</span> 
     </span>
     <span class='ocr_line' id='line_1_22' title="bbox 98 1631 1630 1683; baseline -0.007 -6"><span class='ocrx_word' id='word_1_139' title='bbox 98 1638 244 1677; x_wconf 86' lang='lat' dir='ltr'>cellulis</span> <span class='ocrx_word' id='word_1_140' title='bbox 289 1634 541 1673; x_wconf 78' lang='lat' dir='ltr'>exterioribus</span> <span class='ocrx_word' id='word_1_141' title='bbox 587 1646 724 1683; x_wconf 84' lang='lat' dir='ltr'>nempe</span> <span class='ocrx_word' id='word_1_142' title='bbox 769 1633 1009 1671; x_wconf 85' lang='lat' dir='ltr'>verticalibus</span> <span class='ocrx_word' id='word_1_143' title='bbox 1052 1635 1089 1670; x_wconf 89' lang='lat' dir='ltr'>et</span> <span class='ocrx_word' id='word_1_144' title='bbox 1120 1631 1284 1681; x_wconf 84' lang='lat' dir='ltr'>radiatis,</span> <span class='ocrx_word' id='word_1_145' title='bbox 1315 1631 1563 1669; x_wconf 85' lang='lat' dir='ltr'>interioribus</span> <span class='ocrx_word' id='word_1_146' title='bbox 1595 1631 1630 1667; x_wconf 90' lang='lat' dir='ltr'>in</span> 
     </span>
     <span class='ocr_line' id='line_1_23' title="bbox 99 1698 1631 1751; baseline -0.007 -7"><span class='ocrx_word' id='word_1_147' title='bbox 99 1707 219 1745; x_wconf 88' lang='lat' dir='ltr'>series</span> <span class='ocrx_word' id='word_1_148' title='bbox 257 1702 517 1742; x_wconf 82' lang='lat' dir='ltr'>concentricas</span> <span class='ocrx_word' id='word_1_149' title='bbox 558 1701 762 1751; x_wconf 69' lang='lat' dir='ltr'>dispositis.</span> <span class='ocrx_word' id='word_1_150' title='bbox 832 1702 1006 1740; x_wconf 81' lang='lat' dir='ltr'>Placenta</span> <span class='ocrx_word' id='word_1_151' title='bbox 1039 1700 1172 1738; x_wconf 84' lang='lat' dir='ltr'>basalis</span> <span class='ocrx_word' id='word_1_152' title='bbox 1203 1700 1321 1750; x_wconf 86' lang='lat' dir='ltr'>adest,</span> <span class='ocrx_word' id='word_1_153' title='bbox 1353 1699 1497 1736; x_wconf 88' lang='lat' dir='ltr'>cellulis</span> <span class='ocrx_word' id='word_1_154' title='bbox 1528 1698 1631 1735; x_wconf 87' lang='lat' dir='ltr'>strati</span> 
     </span>
     <span class='ocr_line' id='line_1_24' title="bbox 100 1769 1632 1820; baseline -0.005 -10"><span class='ocrx_word' id='word_1_155' title='bbox 100 1773 217 1811; x_wconf 87' lang='lat' dir='ltr'>medii</span> <span class='ocrx_word' id='word_1_156' title='bbox 249 1774 446 1820; x_wconf 63' lang='lat' dir='ltr'>context-‘13</span> <span class='ocrx_word' id='word_1_157' title='bbox 479 1782 522 1807; x_wconf 81' lang='lat' dir='ltr'>ex</span> <span class='ocrx_word' id='word_1_158' title='bbox 554 1770 621 1807; x_wconf 89' lang='lat' dir='ltr'>bac</span> <span class='ocrx_word' id='word_1_159' title='bbox 651 1770 708 1807; x_wconf 83' lang='lat' dir='ltr'>fila</span> <span class='ocrx_word' id='word_1_160' title='bbox 741 1770 846 1818; x_wconf 86' lang='lat' dir='ltr'>plura</span> <span class='ocrx_word' id='word_1_161' title='bbox 877 1769 1325 1818; x_wconf 76' lang='lat' dir='ltr'>decomposita-ramosa</span> <span class='ocrx_word' id='word_1_162' title='bbox 1356 1778 1505 1805; x_wconf 90' lang='lat' dir='ltr'>sursum</span> <span class='ocrx_word' id='word_1_163' title='bbox 1538 1777 1632 1815; x_wconf 86' lang='lat' dir='ltr'>por-</span> 
     </span>
     <span class='ocr_line' id='line_1_25' title="bbox 101 1832 1633 1892; baseline -0.007 -13"><span class='ocrx_word' id='word_1_164' title='bbox 101 1845 217 1892; x_wconf 82' lang='lat' dir='ltr'>recta,</span> <span class='ocrx_word' id='word_1_165' title='bbox 248 1841 284 1878; x_wconf 88' lang='lat' dir='ltr'>in</span> <span class='ocrx_word' id='word_1_166' title='bbox 316 1838 519 1889; x_wconf 78' lang='lat' dir='ltr'>gemmidia</span> <span class='ocrx_word' id='word_1_167' title='bbox 551 1838 705 1875; x_wconf 84' lang='lat' dir='ltr'>demum</span> <span class='ocrx_word' id='word_1_168' title='bbox 737 1837 928 1874; x_wconf 81' lang='lat' dir='ltr'>abeuntia.</span> <span class='ocrx_word' id='word_1_169' title='bbox 987 1837 1197 1874; x_wconf 88' lang='lat' dir='ltr'>Gemmidia</span> <span class='ocrx_word' id='word_1_170' title='bbox 1229 1835 1386 1884; x_wconf 87' lang='lat' dir='ltr'>minuta,</span> <span class='ocrx_word' id='word_1_171' title='bbox 1406 1832 1633 1872; x_wconf 85' lang='lat' dir='ltr'>rotundato-</span> 
     </span>
     <span class='ocr_line' id='line_1_26' title="bbox 103 1903 1635 1958; baseline -0.006 -12"><span class='ocrx_word' id='word_1_172' title='bbox 103 1909 288 1958; x_wconf 81' lang='lat' dir='ltr'>angulata,</span> <span class='ocrx_word' id='word_1_173' title='bbox 333 1907 493 1956; x_wconf 82' lang='lat' dir='ltr'>plurima</span> <span class='ocrx_word' id='word_1_174' title='bbox 538 1907 574 1943; x_wconf 90' lang='lat' dir='ltr'>in</span> <span class='ocrx_word' id='word_1_175' title='bbox 617 1906 796 1944; x_wconf 86' lang='lat' dir='ltr'>nucleum</span> <span class='ocrx_word' id='word_1_176' title='bbox 841 1909 942 1943; x_wconf 84' lang='lat' dir='ltr'>arcte</span> <span class='ocrx_word' id='word_1_177' title='bbox 973 1905 1198 1953; x_wconf 77' lang='lat' dir='ltr'>conglobata</span> <span class='ocrx_word' id='word_1_178' title='bbox 1231 1908 1268 1941; x_wconf 87' lang='lat' dir='ltr'>et</span> <span class='ocrx_word' id='word_1_179' title='bbox 1299 1916 1410 1942; x_wconf 87' lang='lat' dir='ltr'>muco</span> <span class='ocrx_word' id='word_1_180' title='bbox 1442 1903 1635 1941; x_wconf 82' lang='lat' dir='ltr'>ambiente</span> 
     </span>
     <span class='ocr_line' id='line_1_27' title="bbox 104 1971 1636 2024; baseline -0.005 -10"><span class='ocrx_word' id='word_1_181' title='bbox 104 1976 277 2014; x_wconf 85' lang='lat' dir='ltr'>cohibita.</span> <span class='ocrx_word' id='word_1_182' title='bbox 342 1975 618 2024; x_wconf 78' lang='lat' dir='ltr'>sphaerosporae</span> <span class='ocrx_word' id='word_1_183' title='bbox 650 1975 687 2012; x_wconf 92' lang='lat' dir='ltr'>in</span> <span class='ocrx_word' id='word_1_184' title='bbox 720 1974 872 2012; x_wconf 89' lang='lat' dir='ltr'>ramulis</span> <span class='ocrx_word' id='word_1_185' title='bbox 904 1974 1052 2012; x_wconf 77' lang='lat' dir='ltr'>clavatis</span> <span class='ocrx_word' id='word_1_186' title='bbox 1083 1977 1146 2012; x_wconf 86' lang='lat' dir='ltr'>aut</span> <span class='ocrx_word' id='word_1_187' title='bbox 1176 1971 1508 2022; x_wconf 79' lang='lat' dir='ltr'>siliquaesormibus</span> <span class='ocrx_word' id='word_1_188' title='bbox 1539 1971 1636 2007; x_wconf 81' lang='lat' dir='ltr'>inter</span> 
     </span>
     <span class='ocr_line' id='line_1_28' title="bbox 105 2039 1635 2091; baseline -0.005 -10"><span class='ocrx_word' id='word_1_189' title='bbox 105 2044 259 2081; x_wconf 88' lang='lat' dir='ltr'>cellulas</span> <span class='ocrx_word' id='word_1_190' title='bbox 303 2042 406 2080; x_wconf 81' lang='lat' dir='ltr'>strati</span> <span class='ocrx_word' id='word_1_191' title='bbox 450 2043 679 2091; x_wconf 78' lang='lat' dir='ltr'>periplierici</span> <span class='ocrx_word' id='word_1_192' title='bbox 725 2042 971 2091; x_wconf 84' lang='lat' dir='ltr'>peculiariter</span> <span class='ocrx_word' id='word_1_193' title='bbox 1014 2042 1154 2080; x_wconf 85' lang='lat' dir='ltr'>evoluti</span> <span class='ocrx_word' id='word_1_194' title='bbox 1200 2042 1427 2091; x_wconf 87' lang='lat' dir='ltr'>nidulantes,</span> <span class='ocrx_word' id='word_1_195' title='bbox 1466 2039 1635 2089; x_wconf 62' lang='lat' dir='ltr'>plurima·</span> 
     </span>
     <span class='ocr_line' id='line_1_29' title="bbox 105 2110 1002 2163; baseline -0.003 -12"><span class='ocrx_word' id='word_1_196' title='bbox 105 2112 385 2163; x_wconf 73' lang='lat' dir='ltr'>approximatae,</span> <span class='ocrx_word' id='word_1_197' title='bbox 418 2110 604 2159; x_wconf 76' lang='lat' dir='ltr'>oblongae,</span> <span class='ocrx_word' id='word_1_198' title='bbox 635 2111 831 2149; x_wconf 85' lang='lat' dir='ltr'>cruciatim</span> <span class='ocrx_word' id='word_1_199' title='bbox 862 2111 1002 2148; x_wconf 80' lang='lat' dir='ltr'>divisae.</span> 
     </span>
    </p>

    <p class='ocr_par' dir='ltr' id='par_1_6' title="bbox 108 2176 1646 2978">
     <span class='ocr_line' id='line_1_30' title="bbox 217 2176 1638 2229; baseline -0.004 -13"><span class='ocrx_word' id='word_1_200' title='bbox 217 2182 406 2217; x_wconf 82' lang='lat' dir='ltr'>structura</span> <span class='ocrx_word' id='word_1_201' title='bbox 449 2180 675 2228; x_wconf 64' lang='lat' dir='ltr'>Cystocarpii</span> <span class='ocrx_word' id='word_1_202' title='bbox 719 2181 789 2216; x_wconf 87' lang='lat' dir='ltr'>boc</span> <span class='ocrx_word' id='word_1_203' title='bbox 827 2190 945 2227; x_wconf 78' lang='lat' dir='ltr'>genus</span> <span class='ocrx_word' id='word_1_204' title='bbox 976 2192 994 2217; x_wconf 87' lang='lat' dir='ltr'>a</span> <span class='ocrx_word' id='word_1_205' title='bbox 1026 2178 1241 2229; x_wconf 87' lang='lat' dir='ltr'>Gracilaria,</span> <span class='ocrx_word' id='word_1_206' title='bbox 1273 2189 1357 2216; x_wconf 88' lang='lat' dir='ltr'>cum</span> <span class='ocrx_word' id='word_1_207' title='bbox 1389 2188 1457 2224; x_wconf 79' lang='lat' dir='ltr'>qua</span> <span class='ocrx_word' id='word_1_208' title='bbox 1491 2176 1638 2224; x_wconf 77' lang='lat' dir='ltr'>species</span> 
     </span>
     <span class='ocr_line' id='line_1_31' title="bbox 108 2244 1636 2296; baseline -0.005 -10"><span class='ocrx_word' id='word_1_209' title='bbox 108 2248 208 2286; x_wconf 88' lang='lat' dir='ltr'>illius</span> <span class='ocrx_word' id='word_1_210' title='bbox 240 2252 348 2286; x_wconf 83' lang='lat' dir='ltr'>antea</span> <span class='ocrx_word' id='word_1_211' title='bbox 381 2248 607 2286; x_wconf 74' lang='lat' dir='ltr'>consociutae</span> <span class='ocrx_word' id='word_1_212' title='bbox 640 2249 806 2296; x_wconf 84' lang='lat' dir='ltr'>suerunt,</span> <span class='ocrx_word' id='word_1_213' title='bbox 838 2247 988 2284; x_wconf 83' lang='lat' dir='ltr'>abunde</span> <span class='ocrx_word' id='word_1_214' title='bbox 1019 2246 1154 2284; x_wconf 78' lang='lat' dir='ltr'>differt.</span> <span class='ocrx_word' id='word_1_215' title='bbox 1216 2247 1288 2284; x_wconf 84' lang='lat' dir='ltr'>Fila</span> <span class='ocrx_word' id='word_1_216' title='bbox 1307 2244 1580 2294; x_wconf 74' lang='lat' dir='ltr'>gemmidiisera</span> <span class='ocrx_word' id='word_1_217' title='bbox 1602 2244 1636 2280; x_wconf 90' lang='lat' dir='ltr'>iu</span> 
     </span>
     <span class='ocr_line' id='line_1_32' title="bbox 109 2312 1639 2366; baseline -0.004 -13"><span class='ocrx_word' id='word_1_218' title='bbox 109 2316 310 2353; x_wconf 84' lang='lat' dir='ltr'>Gracilaria</span> <span class='ocrx_word' id='word_1_219' title='bbox 341 2316 505 2353; x_wconf 84' lang='lat' dir='ltr'>invicem</span> <span class='ocrx_word' id='word_1_220' title='bbox 537 2315 669 2366; x_wconf 82' lang='lat' dir='ltr'>libera,</span> <span class='ocrx_word' id='word_1_221' title='bbox 700 2328 718 2352; x_wconf 89' lang='lat' dir='ltr'>a</span> <span class='ocrx_word' id='word_1_222' title='bbox 751 2317 921 2364; x_wconf 86' lang='lat' dir='ltr'>placenta</span> <span class='ocrx_word' id='word_1_223' title='bbox 955 2316 1096 2353; x_wconf 80' lang='lat' dir='ltr'>elevata</span> <span class='ocrx_word' id='word_1_224' title='bbox 1114 2324 1423 2363; x_wconf 86' lang='lat' dir='ltr'>quoquoversum</span> <span class='ocrx_word' id='word_1_225' title='bbox 1445 2312 1639 2359; x_wconf 76' lang='lat' dir='ltr'>radiantia,</span> 
     </span>
     <span class='ocr_line' id='line_1_33' title="bbox 110 2378 1638 2434; baseline -0.004 -14"><span class='ocrx_word' id='word_1_226' title='bbox 110 2383 555 2434; x_wconf 75' lang='lat' dir='ltr'>dicliotomo—sastigiata,</span> <span class='ocrx_word' id='word_1_227' title='bbox 586 2383 788 2432; x_wconf 76' lang='lat' dir='ltr'>gemmidia</span> <span class='ocrx_word' id='word_1_228' title='bbox 820 2383 955 2421; x_wconf 86' lang='lat' dir='ltr'>seriata</span> <span class='ocrx_word' id='word_1_229' title='bbox 988 2383 1238 2431; x_wconf 76' lang='lat' dir='ltr'>continentia,</span> <span class='ocrx_word' id='word_1_230' title='bbox 1270 2380 1470 2429; x_wconf 80' lang='lat' dir='ltr'>gemmidia</span> <span class='ocrx_word' id='word_1_231' title='bbox 1504 2378 1638 2415; x_wconf 86' lang='lat' dir='ltr'>termi-</span> 
     </span>
     <span class='ocr_line' id='line_1_34' title="bbox 111 2449 1640 2503; baseline -0.004 -15"><span class='ocrx_word' id='word_1_232' title='bbox 111 2452 208 2488; x_wconf 85' lang='lat' dir='ltr'>nalia</span> <span class='ocrx_word' id='word_1_233' title='bbox 240 2452 410 2503; x_wconf 84' lang='lat' dir='ltr'>obovata,</span> <span class='ocrx_word' id='word_1_234' title='bbox 441 2452 621 2490; x_wconf 80' lang='lat' dir='ltr'>inferiora</span> <span class='ocrx_word' id='word_1_235' title='bbox 654 2452 829 2500; x_wconf 77' lang='lat' dir='ltr'>oblonga.</span> <span class='ocrx_word' id='word_1_236' title='bbox 890 2454 929 2489; x_wconf 92' lang='lat' dir='ltr'>ln</span> <span class='ocrx_word' id='word_1_237' title='bbox 961 2451 1256 2498; x_wconf 71' lang='lat' dir='ltr'>Cordytecladia,</span> <span class='ocrx_word' id='word_1_238' title='bbox 1287 2450 1396 2498; x_wconf 82' lang='lat' dir='ltr'>quale</span> <span class='ocrx_word' id='word_1_239' title='bbox 1429 2449 1498 2485; x_wconf 88' lang='lat' dir='ltr'>boc</span> <span class='ocrx_word' id='word_1_240' title='bbox 1523 2458 1640 2495; x_wconf 69' lang='lat' dir='ltr'>genus</span> 
     </span>
     <span class='ocr_line' id='line_1_35' title="bbox 113 2515 1639 2571; baseline -0.005 -14"><span class='ocrx_word' id='word_1_241' title='bbox 113 2519 224 2557; x_wconf 84' lang='lat' dir='ltr'>bodie</span> <span class='ocrx_word' id='word_1_242' title='bbox 256 2521 518 2571; x_wconf 84' lang='lat' dir='ltr'>proponimus,</span> <span class='ocrx_word' id='word_1_243' title='bbox 549 2520 618 2558; x_wconf 87' lang='lat' dir='ltr'>filis</span> <span class='ocrx_word' id='word_1_244' title='bbox 650 2519 938 2568; x_wconf 78' lang='lat' dir='ltr'>gemmidiiseris</span> <span class='ocrx_word' id='word_1_245' title='bbox 969 2531 1123 2568; x_wconf 87' lang='lat' dir='ltr'>quoque</span> <span class='ocrx_word' id='word_1_246' title='bbox 1157 2520 1339 2555; x_wconf 75' lang='lat' dir='ltr'>formatur</span> <span class='ocrx_word' id='word_1_247' title='bbox 1370 2517 1544 2563; x_wconf 85' lang='lat' dir='ltr'>nucleus3</span> <span class='ocrx_word' id='word_1_248' title='bbox 1575 2515 1639 2551; x_wconf 84' lang='lat' dir='ltr'>sed</span> 
     </span>
     <span class='ocr_line' id='line_1_36' title="bbox 113 2585 1641 2636; baseline -0.003 -12"><span class='ocrx_word' id='word_1_249' title='bbox 113 2588 152 2624; x_wconf 89' lang='lat' dir='ltr'>in</span> <span class='ocrx_word' id='word_1_250' title='bbox 183 2591 332 2625; x_wconf 87' lang='lat' dir='ltr'>maturo</span> <span class='ocrx_word' id='word_1_251' title='bbox 372 2590 509 2627; x_wconf 90' lang='lat' dir='ltr'>nucleo</span> <span class='ocrx_word' id='word_1_252' title='bbox 551 2589 628 2625; x_wconf 79' lang='lat' dir='ltr'>haec</span> <span class='ocrx_word' id='word_1_253' title='bbox 670 2587 729 2624; x_wconf 84' lang='lat' dir='ltr'>fila</span> <span class='ocrx_word' id='word_1_254' title='bbox 769 2588 825 2624; x_wconf 82' lang='lat' dir='ltr'>vix</span> <span class='ocrx_word' id='word_1_255' title='bbox 857 2587 1058 2636; x_wconf 88' lang='lat' dir='ltr'>conspicua</span> <span class='ocrx_word' id='word_1_256' title='bbox 1101 2585 1641 2635; x_wconf 68' lang='lat' dir='ltr'>sunt,nisi,pta‹:‹„=1ualai·am</span> 
     </span>
     <span class='ocr_line' id='line_1_37' title="bbox 115 2651 1642 2706; baseline -0.003 -14"><span class='ocrx_word' id='word_1_257' title='bbox 115 2657 159 2693; x_wconf 85' lang='lat' dir='ltr'>ad</span> <span class='ocrx_word' id='word_1_258' title='bbox 193 2657 321 2706; x_wconf 87' lang='lat' dir='ltr'>instar,</span> <span class='ocrx_word' id='word_1_259' title='bbox 352 2655 643 2703; x_wconf 75' lang='lat' dir='ltr'>gemmidiorum</span> <span class='ocrx_word' id='word_1_260' title='bbox 675 2655 871 2693; x_wconf 85' lang='lat' dir='ltr'>nucleolos</span> <span class='ocrx_word' id='word_1_261' title='bbox 901 2655 1136 2704; x_wconf 82' lang='lat' dir='ltr'>sustinentia,</span> <span class='ocrx_word' id='word_1_262' title='bbox 1155 2651 1500 2695; x_wconf 76' lang='lat' dir='ltr'>etintercedentia3</span> <span class='ocrx_word' id='word_1_263' title='bbox 1531 2661 1642 2698; x_wconf 76' lang='lat' dir='ltr'>gein-</span> 
     </span>
     <span class='ocr_line' id='line_1_38' title="bbox 115 2718 1643 2773; baseline -0.003 -13"><span class='ocrx_word' id='word_1_264' title='bbox 115 2723 230 2760; x_wconf 87' lang='lat' dir='ltr'>midia</span> <span class='ocrx_word' id='word_1_265' title='bbox 263 2723 340 2772; x_wconf 82' lang='lat' dir='ltr'>ipsa</span> <span class='ocrx_word' id='word_1_266' title='bbox 370 2727 456 2760; x_wconf 87' lang='lat' dir='ltr'>sunt</span> <span class='ocrx_word' id='word_1_267' title='bbox 486 2723 809 2773; x_wconf 86' lang='lat' dir='ltr'>numerosissima,</span> <span class='ocrx_word' id='word_1_268' title='bbox 841 2722 1005 2771; x_wconf 78' lang='lat' dir='ltr'>oblonga</span> <span class='ocrx_word' id='word_1_269' title='bbox 1038 2721 1199 2760; x_wconf 82' lang='lat' dir='ltr'>rotunda</span> <span class='ocrx_word' id='word_1_270' title='bbox 1229 2723 1291 2756; x_wconf 83' lang='lat' dir='ltr'>aut</span> <span class='ocrx_word' id='word_1_271' title='bbox 1321 2720 1507 2769; x_wconf 77' lang='lat' dir='ltr'>angulata,</span> <span class='ocrx_word' id='word_1_272' title='bbox 1538 2718 1643 2767; x_wconf 82' lang='lat' dir='ltr'>quasi</span> 
     </span>
     <span class='ocr_line' id='line_1_39' title="bbox 117 2786 1643 2841; baseline -0.004 -14"><span class='ocrx_word' id='word_1_273' title='bbox 117 2791 304 2827; x_wconf 82' lang='lat' dir='ltr'>divisione</span> <span class='ocrx_word' id='word_1_274' title='bbox 345 2790 500 2839; x_wconf 88' lang='lat' dir='ltr'>repetita</span> <span class='ocrx_word' id='word_1_275' title='bbox 533 2794 627 2841; x_wconf 82' lang='lat' dir='ltr'>orta,</span> <span class='ocrx_word' id='word_1_276' title='bbox 659 2794 696 2827; x_wconf 87' lang='lat' dir='ltr'>et</span> <span class='ocrx_word' id='word_1_277' title='bbox 726 2790 852 2828; x_wconf 90' lang='lat' dir='ltr'>omnia</span> <span class='ocrx_word' id='word_1_278' title='bbox 886 2790 1047 2838; x_wconf 77' lang='lat' dir='ltr'>gelatina</span> <span class='ocrx_word' id='word_1_279' title='bbox 1079 2788 1270 2825; x_wconf 87' lang='lat' dir='ltr'>ambiente</span> <span class='ocrx_word' id='word_1_280' title='bbox 1302 2786 1337 2822; x_wconf 90' lang='lat' dir='ltr'>in</span> <span class='ocrx_word' id='word_1_281' title='bbox 1369 2787 1545 2824; x_wconf 88' lang='lat' dir='ltr'>nucleum</span> <span class='ocrx_word' id='word_1_282' title='bbox 1578 2797 1643 2822; x_wconf 88' lang='lat' dir='ltr'>ar-</span> 
     </span>
     <span class='ocr_line' id='line_1_40' title="bbox 118 2853 1646 2905; baseline -0.003 -11"><span class='ocrx_word' id='word_1_283' title='bbox 118 2858 282 2895; x_wconf 84' lang='lat' dir='ltr'>ctissime</span> <span class='ocrx_word' id='word_1_284' title='bbox 327 2858 540 2905; x_wconf 78' lang='lat' dir='ltr'>conjuncta.</span> <span class='ocrx_word' id='word_1_285' title='bbox 613 2858 796 2896; x_wconf 81' lang='lat' dir='ltr'>Differunt</span> <span class='ocrx_word' id='word_1_286' title='bbox 839 2858 964 2905; x_wconf 82' lang='lat' dir='ltr'>itaque</span> <span class='ocrx_word' id='word_1_287' title='bbox 1010 2857 1085 2893; x_wconf 64' lang='lat' dir='ltr'>brec</span> <span class='ocrx_word' id='word_1_288' title='bbox 1127 2865 1267 2903; x_wconf 75' lang='lat' dir='ltr'>genera</span> <span class='ocrx_word' id='word_1_289' title='bbox 1300 2857 1339 2890; x_wconf 91' lang='lat' dir='ltr'>ut</span> <span class='ocrx_word' id='word_1_290' title='bbox 1369 2853 1576 2892; x_wconf 85' lang='lat' dir='ltr'>Delesseria</span> <span class='ocrx_word' id='word_1_291' title='bbox 1609 2856 1646 2890; x_wconf 88' lang='lat' dir='ltr'>et</span> 
     </span>
     <span class='ocr_line' id='line_1_41' title="bbox 119 2923 1165 2978; baseline -0.006 -12"><span class='ocrx_word' id='word_1_292' title='bbox 119 2927 421 2978; x_wconf 63' lang='lat' dir='ltr'>Wormslzioldia,</span> <span class='ocrx_word' id='word_1_293' title='bbox 452 2931 492 2965; x_wconf 89' lang='lat' dir='ltr'>ut</span> <span class='ocrx_word' id='word_1_294' title='bbox 521 2926 802 2976; x_wconf 85' lang='lat' dir='ltr'>Calliblepbaris</span> <span class='ocrx_word' id='word_1_295' title='bbox 834 2930 872 2964; x_wconf 85' lang='lat' dir='ltr'>et</span> <span class='ocrx_word' id='word_1_296' title='bbox 902 2923 1165 2972; x_wconf 65' lang='lat' dir='ltr'>Rbodymenia.</span> 
     </span>
    </p>
   </div>
  </div>
 </body>
</html>
