1895 3208
102 129 452 190 Botryoqlossum.
670 130 1052 173 Smiffinococcoimzffi.
1528 131 1554 170 6
1562 131 1585 170 7
1595 133 1620 171 7

97 265 387 296 sconti-costatus
419 263 641 297 abeuntibus.
703 262 854 295 Lamina>
888 261 1221 302 cuiieuto-oblongae
1249 262 1267 294 3
1295 262 1403 296 lineas
1430 263 1482 296 vel
1510 273 1620 306 usque

95 322 257 364 pollicem
284 321 361 354 latae
388 322 662 364 pinnatilobatae,
690 322 778 354 lolii>v
805 323 905 363 apice
931 321 1137 354 rotundatis.
1164 320 1392 363 Sporopliylla
1418 329 1437 353 e
1463 322 1620 362 margine

95 381 314 422 proveniunt,
352 390 443 413 nnnc
478 380 626 413 obovata
663 382 719 413 vix
757 381 883 413 lineam
922 380 1034 422 longa,
1067 388 1163 420 smpe
1189 381 1336 422 plurima
1364 381 1621 423 adproximata3

95 450 187 473 nunc
213 440 301 472 ultra
337 439 515 481 pollicari-a
544 440 734 479 segmentis
763 438 896 471 frondis
923 438 1126 471 conformia.
1176 438 1278 471 Color
1304 438 1435 472 frondis
1457 439 1620 481 juvenilis

94 506 366 541 purpurascens,
393 498 513 530 senilis
539 497 743 530 fuscescens
770 499 804 529 et
829 498 1019 530 exsiccatae
1045 498 1262 536 nigrescens.

187 555 373 598 Specimen
400 556 482 588 mihi
509 564 626 589 coram
653 556 763 588 oculis
791 557 844 588 est
868 555 993 598 phyllis
1019 555 1296 596 prolisscantibus
1324 556 1516 590 minoribus
1531 566 1621 599 pau-

94 617 155 659 cis,
194 615 382 657 majoribus
424 624 503 648 vero
542 615 785 658 (pollicaribus
824 616 858 646 et
898 614 1003 651 ultra)
1041 613 1199 654 plurimis
1242 614 1620 655 oblongo—lanceolatis

94 674 258 706 obsitum.
319 672 395 706 Sori
435 675 466 706 in
503 674 568 707 hoc
606 674 800 715 specimine
839 675 911 705 tum
943 680 1046 704 secus
1072 673 1247 712 margines
1275 672 1406 705 frondis
1433 674 1620 718 primarum,

93 735 164 765 tum
191 733 224 765 in
250 731 375 774 phyllis
402 732 591 773 majoribus
618 731 894 773 prolificantilms
922 730 963 762 ad
991 732 1177 772 utrumque
1203 731 1294 763 latus
1322 732 1439 772 (costa
1463 732 1619 766 obsoleta

92 790 203 831 nuda)
243 791 383 824 evoluti.
446 790 562 833 Phylla
600 790 832 832 prolificantia
873 790 1006 821 minora
1044 790 1176 830 saepius
1212 790 1354 822 sterilia.
1405 789 1476 822 Hoc
1504 792 1620 834 itaque

91 848 364 889 Neuroglossum
396 849 642 881 Binderianum
674 848 856 880 evidenter
887 848 992 879 sistit.
1022 866 1062 870 —
1089 847 1189 879 Aliud
1215 850 1406 892 specimen,
1434 850 1532 882 caule
1560 850 1623 883 de-

91 909 221 941 nudato
258 909 390 950 pluries
429 908 540 940 diviso
578 908 798 947 instructum,
838 907 929 946 gerit
966 906 1139 946 margines
1181 907 1312 939 minute
1354 908 1554 941 crenulatos
1588 912 1623 941 et

91 969 276 1008 crispatos.
316 966 426 998 Secus
453 965 644 1005 marginem
666 964 883 996 crenulatum
899 972 1000 996 sorus
1016 963 1279 1003 longitudinalis
1294 964 1621 1007 spliaerospomrum

91 1026 200 1068 adest,
228 1033 320 1057 nunc
346 1025 544 1064 commuue,
579 1032 671 1055 nnnc
699 1022 844 1055 sinubus
870 1022 971 1055 lobos
999 1022 1289 1064 interjacentibus
1316 1021 1504 1065 abruptus,
1530 1025 1619 1057 lobis

90 1078 153 1116 seu
179 1083 330 1116 crenulis
365 1084 450 1125 ipsis
483 1091 564 1115 soro
598 1083 783 1115 rotundato
810 1082 965 1115 solitario
993 1082 1185 1114 instructis.
1236 1081 1409 1122 Margines
1435 1083 1468 1114 in
1497 1083 1621 1116 eodem

90 1143 282 1184 specimine
308 1141 364 1174 hic
389 1142 459 1175 illic
486 1142 727 1183 integriusculi
755 1144 790 1174 at
815 1141 938 1183 phyllis
966 1142 1120 1183 minutis,
1147 1142 1263 1183 qualia
1290 1143 1323 1174 in
1350 1140 1482 1181 vulgari
1509 1141 1620 1175 forma

88 1201 123 1235 F.
158 1202 349 1244 platycarpi
391 1199 592 1243 obveniunt,
632 1200 748 1233 obsitii
809 1198 923 1242 Pliylla
963 1200 1038 1232 haec
1066 1208 1083 1231 a
1111 1199 1201 1231 lobis
1235 1199 1378 1241 jamjam
1419 1201 1621 1233 memoratis

90 1261 270 1294 evidenter
306 1259 455 1292 evoluta.
515 1259 586 1292 Hoc
624 1260 805 1300 specimen
842 1260 959 1300 itaque
995 1258 1279 1300 Botryoglossum
1313 1258 1553 1300 platycarpum
1587 1262 1622 1293 et

88 1319 360 1360 Neuroglossum
387 1318 631 1350 Binderianum
658 1317 849 1359 conjungit.
899 1317 1014 1359 Pliylla
1042 1316 1168 1349 fertilia
1195 1316 1428 1358 profiticontia
1454 1324 1620 1356 suntsori

89 1378 289 1419 marginalis
316 1377 471 1409 continui
498 1377 732 1418 marginisque
759 1377 958 1409 evolutione
985 1379 1071 1409 orta.

181 1436 232 1469 Ad
257 1436 293 1468 Β.
319 1436 572 1479 platycarpum,
601 1437 632 1469 ni
661 1436 770 1478 fallor,
798 1437 941 1477 insuper
961 1437 1140 1478 pertinent
1156 1436 1349 1477 specimina
1364 1445 1464 1481 nana,
1481 1441 1620 1473 nomine

87 1495 295 1529 Delesseriae
323 1496 422 1528 alatae
449 1504 468 1527 a
494 1495 606 1535 Drege
633 1495 830 1528 distributa.
880 1494 952 1528 Del.
980 1495 1131 1528 lobatoni
1157 1492 1255 1527 Lam.
1284 1494 1325 1527 ad
1353 1494 1441 1528 lianc
1464 1499 1621 1539 speciem

88 1563 226 1597 quoque
253 1555 368 1597 citavi,
395 1563 502 1596 quum
539 1555 620 1586 icon
661 1553 740 1586 data
778 1554 905 1586 eximie
945 1553 1142 1586 conveniat.
1205 1552 1353 1594 Kiitzing
1385 1553 1619 1589 Delesseriam

87 1613 241 1647 lobatam
266 1613 509 1646 Lamourouxii
537 1621 616 1645 cum
643 1612 857 1645 Jeanerettia
883 1612 998 1645 lobata
1025 1611 1132 1646 Ilarv.
1158 1611 1242 1646 Ner.
1270 1610 1338 1645 tab.
1366 1610 1619 1658 Ils'conjungit‚

88 1681 258 1715 novaeque
295 1673 428 1714 speciei
467 1672 510 1705 ad
538 1673 647 1705 instar
672 1672 917 1714 Botryoglosso
945 1672 1162 1705 adnumerat.
1213 1671 1248 1704 Si
1276 1681 1356 1704 vero
1384 1674 1451 1706 ulla
1478 1676 1618 1708 omnino

88 1731 173 1764 fides
213 1731 424 1775 Harveyanae
464 1731 596 1773 analysi
635 1730 795 1764 habenda
832 1732 887 1774 sit,
925 1730 1139 1764 Jeanerettia
1165 1731 1267 1772 longe
1294 1740 1378 1764 sane
1405 1732 1511 1765 distat
1537 1735 1571 1765 et
1598 1742 1617 1765 a

87 1791 331 1833 Botryoglosso
359 1795 394 1823 et
418 1797 437 1821 a
461 1789 534 1822 Del.
561 1789 688 1822 lobata.
740 1789 909 1823 Sticliidia
935 1789 1159 1822 Jeanerettiae
1178 1790 1333 1832 plantam
1349 1790 1619 1825 Rhodomeleam

89 1850 268 1883 evidenter
304 1849 479 1891 indicant3
517 1848 739 1891 sporophylla
776 1848 851 1881 Del.
890 1849 1019 1882 lobatae
1059 1858 1137 1882 cum
1175 1848 1240 1881 illis
1274 1848 1309 1881 F.
1347 1849 1539 1891 platycarpi
1577 1850 1619 1882 ad

88 1917 238 1950 unguem
265 1909 486 1942 conveniunt.

88 2067 287 2124 CXIV.
326 2069 667 2123 DELESSERIA
716 2089 829 2127 Grev.
875 2088 953 2137 Alq.
994 2089 1090 2127 Brit.
1127 2100 1166 2137 p.
1199 2086 1262 2126 7⁴.
1295 2089 1413 2127 Harv.
1447 2090 1552 2127 Man.
1581 2101 1617 2137 p.

198 2157 248 2194 54
281 2161 318 2194 ec
349 2155 503 2205 Pliycol.
551 2157 648 2195 Brit.
693 2156 771 2194 tab.
817 2156 867 2194 II.
913 2156 1026 2194 Endl.
1074 2157 1168 2194 Gen.
1207 2155 1344 2204 Suppl.
1382 2156 1449 2193 III.
1486 2168 1523 2204 p.
1556 2155 1617 2194 53.

198 2225 320 2263 Mont.
367 2225 423 2262 Fl.
461 2223 544 2272 Alq.
581 2236 621 2276 p.
659 2224 722 2262 58.
762 2224 883 2273 Rupr.
915 2224 996 2272 Alq.
1030 2224 1159 2262 Ochoc.
1189 2235 1227 2272 p.
1259 2223 1332 2261 231
1369 2225 1485 2270 (exel.
1516 2235 1617 2273 spec.

197 2304 254 2341 ap.
299 2291 453 2340 omnes)
496 2293 715 2330 Delesseriae
759 2304 813 2341 sp.
845 2292 1027 2329 Lamour.
1068 2296 1107 2329 ec
1136 2293 1202 2340 Ay.
1232 2291 1451 2341 Phyc0‹11·ys‚
1484 2295 1617 2340 llypo-

197 2361 364 2407 glossum
408 2363 445 2397 et
487 2360 697 2398 Delesseria
743 2361 856 2400 Ii'zlcz.
898 2360 1051 2408 Pltycol.
1089 2364 1127 2397 ec
1165 2361 1228 2408 Sp.
1262 2359 1342 2406 Alq.
1371 2371 1407 2407 p.
1442 2357 1616 2398 874—8.

198 2428 407 2465 Delesseria
439 2431 476 2464 et
505 2427 728 2465 nemineum
763 2428 880 2466 Harv.
914 2428 1006 2466 Ner.
1039 2432 1167 2465 auslr.
1195 2439 1233 2475 p.
1270 2426 1354 2463 444.

87 2509 206 2544 Frons
246 2517 385 2555 anceps
422 2509 486 2543 aut
528 2508 635 2555 plana
676 2510 815 2546 costato
854 2507 995 2556 duplici
1033 2510 1148 2544 struto
1181 2506 1401 2555 constitum
1434 2505 1617 2545 interiore

199 2577 321 2611 costus
361 2578 570 2623 occupante
607 2576 751 2612 cellulis
789 2576 973 2623 elongatis
1015 2585 1112 2623 saepe
1145 2573 1396 2624 filiformibus,
1427 2575 1617 2613 exteriore

197 2642 343 2679 cellulis
389 2642 803 2692 rotundato-angulatis
848 2644 1074 2691 constituto,
1127 2645 1269 2679 costam
1315 2641 1538 2680 investionte
1582 2646 1618 2679 et

199 2709 376 2758 utrinque
421 2710 457 2747 in
496 2710 670 2748 laminam
712 2714 950 2760 excurrente,
981 2708 1214 2756 marginibus
1245 2719 1344 2756 saepe
1376 2708 1484 2746 unica
1516 2710 1615 2747 serie

197 2778 417 2815 cellularum
448 2779 671 2817 constitutis.
738 2778 927 2816 Coccidz'a
959 2778 995 2814 in
1029 2780 1131 2814 costa
1164 2776 1345 2824 venisque
1379 2776 1525 2814 frondis
1555 2779 1618 2814 aut

198 2846 407 2893 phylloruiu
449 2845 680 2883 minutorum
713 2847 856 2884 sessilia
883 2846 1091 2894 depressa,
1133 2843 1335 2890 gemmidia
1377 2844 1546 2894 obomta,
1578 2844 1614 2881 in

196 2913 267 2950 filis
304 2913 747 2962 dicliotomo-fastigiatis
786 2914 945 2952 invicem
992 2911 1117 2950 liberis
1148 2924 1167 2949 a
1198 2911 1367 2960 placenta
1400 2910 1512 2948 basuli
1545 2911 1615 2948 late
