1895 3208
251 175 277 215 3
286 175 310 216 3
320 177 344 215 S
912 166 1128 209 SPYRmIEAE.
1572 167 1786 228 Spyridm.

361 302 563 352 Spyridieae
609 303 796 338 structura
843 299 988 338 frondis
1020 304 1057 338 et
1087 301 1363 351 spluerosporis
1396 302 1636 351 potissimum
1667 307 1786 342 Cera-

250 374 368 411 mieas
408 372 590 418 referunt,
627 372 815 406 structura
855 380 945 406 vero
977 370 1122 406 fructus
1153 370 1359 418 capsularis
1389 370 1435 407 ab
1467 370 1521 408 liis
1553 382 1631 408 non
1662 371 1788 408 minus

250 451 361 489 qnam
407 451 426 475 a
475 437 721 485 ll'rangelieis
765 441 801 475 et
840 436 1105 475 l‘lliodomeleis
1137 437 1333 475 abludunt.
1393 442 1549 476 Fructus
1581 439 1787 488 capsularis

250 520 381 545 revera
412 507 457 544 ad
491 509 618 555 typum
657 505 817 543 omnino
849 503 1042 542 diversum
1075 505 1114 542 in
1147 505 1203 542 his
1235 504 1414 542 omnibus
1446 506 1643 545 formatus.
1703 509 1787 546 Non

250 578 394 612 tantum
426 572 683 622 pericarpium
722 573 962 623 cellulosum,
993 572 1097 621 quod
1130 572 1167 609 in
1199 572 1404 610 Ceramieis
1436 573 1689 621 desideratur,
1720 575 1787 613 sed

249 644 329 691 ipsa
361 652 517 691 quoque
549 641 846 690 gemmidiorum
877 641 987 689 origo
1020 641 1058 678 in
1091 640 1296 689 Spyridieis
1327 640 1483 679 diversa.
1559 643 1787 692 Cystocarpii

252 713 440 747 structura
471 709 676 758 Spyridieae
709 708 1008 756 uliodynmnicas
1039 708 1166 757 potius
1183 709 1421 758 aemulantur,
1441 711 1578 747 etcum
1596 712 1791 749 nonnullis

253 778 458 826 generibus
490 779 639 829 horum,
671 777 797 826 quoad
817 778 959 815 fructus
993 778 1222 828 capsulares,
1254 777 1302 815 ita
1336 788 1469 816 revera
1501 780 1735 817 conveniunt
1755 784 1794 817 ut

252 845 466 895 Spyridieas
499 845 793 892 uhodymenieis
824 844 1066 894 potissimum
1098 846 1229 883 affines
1255 848 1440 894 putarem.
1473 846 1656 896 Utitaque
1675 848 1711 885 in
1728 860 1793 886 sua

250 914 357 952 Serie
388 914 591 951 Ceramieae
624 913 800 952 ordinem
832 913 988 963 ducunt,
1030 916 1067 950 et
1097 925 1166 962 per
1197 913 1334 961 gradus
1366 913 1403 951 in
1437 914 1592 952 frondes
1624 916 1790 965 compli-

251 981 413 1019 catiores
446 984 482 1019 et
513 981 618 1029 quasi
651 981 902 1030 perfectiores
934 984 1300 1030 Cryptonemearum
1332 981 1491 1032 abeunt3
1524 982 1573 1020 ita
1604 984 1675 1021 alia
1700 983 1791 1021 Flo-

249 1049 444 1087 ridearum
484 1049 622 1100 Series,
669 1062 686 1086 a
730 1048 934 1097 Spyridieis
982 1048 1124 1099 oriens,
1166 1050 1307 1087 formas
1354 1050 1494 1087 sensim
1540 1050 1792 1099 perfectiores

253 1117 621 1164 uhodymenieannn
654 1116 814 1164 attingit.

362 1188 539 1222 Fructum
577 1186 812 1233 capsularem
851 1184 1030 1234 Spyridiae
1063 1196 1146 1223 esse
1179 1186 1397 1224 favellarum
1431 1186 1693 1226 evolutionem
1722 1197 1791 1224 su-

251 1252 445 1302 periorem
478 1252 606 1289 forsan
638 1252 722 1300 quis
753 1252 939 1290 crederet.
996 1253 1213 1291 Membrana
1245 1257 1371 1291 autem
1390 1253 1792 1303 cellulosapericarpii

253 1320 476 1367 neutiquam
509 1330 597 1356 cum
627 1319 888 1368 peridermate
919 1320 1068 1367 hyalino
1102 1320 1322 1358 favellarum
1341 1322 1498 1369 analoga
1517 1321 1606 1358 milii
1626 1321 1792 1370 videtur3

253 1391 358 1425 ortus
403 1398 559 1436 quoque
600 1387 899 1436 gemmidiorum
938 1388 1032 1426 alius
1072 1388 1237 1426 fructum
1281 1399 1412 1427 revera
1457 1389 1643 1427 Coccidiis
1673 1390 1793 1437 magis

252 1457 455 1504 analogum
486 1455 658 1493 indicare
691 1456 849 1494 videtur.

364 1526 606 1562 Cliaracteres
638 1524 764 1572 itaque
797 1524 955 1575 ordinis,
986 1524 1023 1562 in
1056 1524 1279 1563 differentiis
1297 1527 1376 1562 tum
1395 1524 1541 1563 frondis
1560 1527 1637 1563 tum
1659 1525 1794 1564 fructi-

252 1592 439 1629 ficationis
482 1592 610 1642 positi,
651 1592 939 1630 distinctionem
970 1605 989 1630 a
1018 1592 1311 1640 Rliodymenieis
1351 1595 1464 1641 atque
1496 1592 1703 1631 Ceramieis
1736 1593 1796 1630 fa-

253 1659 366 1696 cilem
412 1658 587 1698 reddunt,
661 1659 763 1697 Ordo
810 1663 948 1710 autem,
996 1660 1117 1708 qualis
1147 1661 1220 1698 hoc
1251 1661 1337 1698 loco
1370 1660 1610 1711 constitutus,
1639 1660 1794 1699 unicum

254 1739 374 1775 genus
406 1727 708 1778 comprehendit,
742 1728 846 1776 quod
875 1728 1029 1777 plurimi
1061 1727 1268 1766 Ceramieis
1299 1730 1410 1766 antea
1441 1727 1752 1767 adnumerarunt.

255 1839 316 1893 L.
358 1840 615 1893 SPYRIDIA
647 1859 769 1896 Harv.
802 1860 844 1895 in
876 1858 995 1896 Hoolc.
1027 1859 1094 1896 Br.
1129 1857 1187 1896 Fl.
1220 1858 1269 1896 ΙΙ.
1298 1870 1337 1906 p.
1369 1856 1458 1896 336.
1498 1859 1605 1897 Man.
1632 1869 1673 1906 p.
1710 1857 1797 1895 400.

366 1928 479 1976 Pltyc.
513 1928 612 1965 Brit.
645 1926 721 1964 tab.
757 1925 819 1964 46.
850 1928 965 1964 It'zttz.
997 1926 1112 1975 Pitye.
1143 1937 1232 1974 yen.
1260 1938 1297 1974 p.
1334 1925 1425 1964 376.
1456 1927 1521 1973 Sp.
1552 1925 1634 1973 Alq.
1649 1936 1686 1973 p.
1706 1924 1797 1963 665.

366 1994 544 2043 Spyridiae
587 1997 625 2031 et
665 1993 835 2031 Binderae
877 2006 931 2043 sp.
962 1993 998 2031 J.
1029 1995 1095 2042 Ay.
1127 1999 1165 2032 ec
1195 1994 1308 2032 Emtl.
1345 1995 1438 2031 Gen.
1470 1993 1523 2031 Pl.
1558 1992 1694 2041 suppl.
1728 1992 1796 2030 III.

362 2075 401 2111 p.
433 2062 496 2100 355.
528 2062 689 2100 Ceramii
722 2065 759 2099 et
789 2062 1015 2100 Ilutcliinsiae
1047 2074 1101 2112 sp.
1133 2060 1175 2100 C.
1208 2063 1273 2111 Ay.
1307 2067 1345 2101 ec
1367 2059 1664 2101 Aucc.Grouan
1681 2061 1796 2099 Arch.

368 2132 451 2169 Boc.
486 2129 533 2167 II.
566 2130 643 2167 tab.
681 2128 739 2180 47,
776 2129 833 2167 48.

258 2214 374 2248 Frons
402 2209 605 2259 filiformis‚
635 2208 820 2257 pinnatim
854 2219 1015 2258 ramosa,
1047 2209 1243 2247 articulata
1267 2209 1461 2248 atsensim
1481 2210 1626 2249 cellulis
1643 2210 1799 2248 minutis

369 2277 548 2315 corticata
589 2280 627 2314 et
665 2276 916 2327 solidescens,
957 2277 1122 2315 ramellis
1153 2277 1374 2329 articulatis,
1405 2278 1450 2316 ad
1483 2277 1656 2327 genicula
1686 2278 1799 2316 nudis

370 2348 434 2382 aut
475 2343 754 2394 subcorticatis,
795 2344 980 2394 deciduis,
1017 2346 1101 2394 plus
1134 2346 1267 2383 minus
1312 2346 1440 2383 densis
1472 2346 1662 2384 instructa.
1721 2344 1799 2394 Cy—

369 2414 578 2460 slocarpz'a
620 2413 727 2461 apice
772 2413 904 2450 ramuli
938 2413 1164 2464 terminalia,
1196 2413 1362 2451 ramellis
1393 2414 1523 2462 paucis
1555 2414 1799 2461 involucrata‚

371 2480 575 2529 gemmidia
617 2481 778 2529 plurima
822 2481 859 2518 in
903 2482 1102 2518 nucleolos
1147 2482 1275 2530 plures
1306 2480 1531 2529 conglobata
1564 2481 1660 2518 intra
1690 2479 1799 2528 peri-

373 2548 543 2597 carpium
589 2548 818 2586 cellulosum
859 2547 965 2585 2—3
1010 2548 1142 2586 lolium
1185 2549 1362 2586 foventia.
1433 2547 1731 2596 Splzaerosporoe
1760 2545 1798 2582 in

373 2616 537 2653 ramellis
569 2616 741 2663 evolutae,
774 2614 970 2663 morpliosi
1003 2615 1226 2653 cellularum
1260 2615 1497 2652 corticalium
1524 2615 1707 2663 formatae,
1738 2611 1801 2649 in-

372 2683 515 2721 teriore
547 2683 666 2720 latere
699 2683 945 2720 ramcllorum
977 2682 1021 2719 ad
1054 2683 1228 2731 genicula
1259 2682 1415 2730 singulae
1439 2679 1800 2730 autplures‚splize-

374 2751 472 2800 ricae,
516 2751 703 2799 triangulo
743 2750 882 2788 divisae.
956 2752 1091 2796 (Isz'c'lz.
1139 2750 1291 2799 Pleycol.
1331 2749 1407 2788 tab.
1442 2748 1502 2786 48.
1534 2748 1654 2785 Haro.
1686 2746 1798 2795 Plzyc.

375 2818 473 2855 Rre‘c.
507 2818 582 2856 tab.
616 2817 771 2865 XLVI.)

378 2885 546 2923 frondes
588 2887 806 2938 caespitem,
838 2899 856 2925 a
889 2887 983 2925 callo
1027 2886 1181 2924 radicali
1224 2887 1287 2923 aut
1324 2883 1451 2923 radice
1489 2881 1627 2920 librosa
1659 2882 1800 2931 plures,

266 2950 519 2990 teretiusentae
565 2958 627 2991 aut
673 2966 915 3006 compressae,
957 2953 1164 2992 lateraliter
1199 2960 1512 3001 quoquoversum
1549 2960 1708 2988 ramosae
1739 2951 1801 2988 aut
