1895 3208
65 152 306 210 Amphiroa.
486 154 728 197 ConAtLissAE
749 157 928 209 (weron.
949 152 1196 206 ARESCHJ.
1513 157 1606 196 535

160 281 310 324 Species
351 291 393 315 ex
433 285 596 316 omnibus
634 286 768 316 statura
807 286 969 316 maxima.
1030 284 1139 317 Frons
1178 293 1275 327 srepe
1302 284 1547 325 ⁴2-pollicaris
1575 287 1610 316 et

65 341 167 382 ultra,
200 340 329 373 coloris
359 342 564 373 normaliter
596 341 690 373 rubri
719 342 796 383 plus
832 343 948 373 minus
975 343 1006 374 in
1034 341 1306 374 viridescentem
1336 342 1358 374 l.
1385 342 1501 375 album
1530 350 1609 373 ver-

66 399 193 438 gentis,
233 397 369 430 inferne
407 407 657 440 nonnunquam
696 398 923 440 tricliotoma‚
963 401 997 430 at
1033 407 1185 439 superne
1225 407 1364 440 semper
1402 399 1608 439 regulariter

67 454 279 496 dichotoma,
315 463 407 487 nunc
442 456 582 487 omnino
610 458 703 488 teres
731 457 765 487 et
790 464 944 495 superne
971 456 1162 494 attenuata,
1191 463 1283 487 nunc
1310 464 1451 488 sursum
1476 456 1608 487 sensim

66 512 177 551 magis
211 513 393 553 magisque
430 520 646 554 compressa,
681 514 784 544 inuno
822 512 983 553 apicibus
1010 512 1277 553 complanatisl
1317 513 1429 552 planis
1456 513 1607 555 indeque

64 570 144 610 plus
182 569 297 601 minus
335 569 579 602 subcuneatis.
639 569 785 601 Articuli
825 568 1011 601 inferiores
1048 570 1160 609 magis
1193 569 1326 609 (saltim
1357 571 1392 602 in
1429 572 1607 603 exsiccata

64 627 201 668 plant-a)
235 626 420 669 distantes,
454 627 626 666 geniculis
659 628 836 659 castaneis
870 627 891 659 l.
926 627 1204 669 nigricantibus3
1239 627 1420 668 superiora
1447 628 1607 668 genicula

65 685 199 718 sensim
226 684 400 716 breviora.
691 721 701 728 ,

158 742 352 774 varietates
380 751 485 783 supra
512 742 633 774 allatas
660 741 798 782 species
824 749 892 773 non
921 748 1000 773 esse
1036 739 1230 782 habendas,
1254 739 1349 780 larga
1376 742 1609 781 speciminum

66 801 168 841 copia
194 809 258 832 nos
286 800 440 832 edocuit.
500 799 706 841 Specierum
738 798 986 830 Lamourouxii
1015 797 1106 829 nulla
1134 797 1285 830 vidimus
1311 798 1518 842 specimina,
1545 799 1608 832 sed

66 857 325 898 descriptiones
354 857 445 889 datae
472 858 627 888 nostram
654 856 855 896 opinionem
882 853 1102 896 probabilem
1128 853 1290 886 reddunt.

64 1036 117 1086 ††
146 1035 323 1076 Articuli
360 1043 503 1074 omnes
544 1032 667 1073 medii
699 1035 738 1073 et
767 1034 1008 1083 superiores
1039 1032 1290 1072 normaliter
1319 1035 1548 1084 compressi
1579 1034 1604 1074 l.

515 1100 651 1151 plani,
686 1100 868 1139 lineares
900 1100 924 1139 l.
954 1099 1140 1150 elliptici.

418 1204 450 1230 a.
480 1190 737 1232 Keramidiis
762 1191 805 1230 in
835 1189 1015 1230 articulo
1039 1189 1248 1240 pluribus.

64 1317 100 1356 9.
131 1320 168 1356 Α.
200 1326 312 1355 fixius
345 1317 486 1362 (Horo.
519 1315 612 1353 Ner.
644 1319 772 1352 auslr.
802 1325 839 1362 p.
872 1314 945 1357 95)
986 1313 1122 1351 fronde
1148 1313 1510 1362 tereti-compressa
1543 1315 1603 1352 la-

174 1383 336 1420 titudine
378 1382 511 1431 aequali
559 1383 650 1427 (nec
690 1392 840 1418 sursum
880 1379 1363 1430 attenuata)'dichotoma2
1394 1381 1505 1418 ramis
1538 1393 1602 1418 ra—

174 1451 363 1497 mulisque
394 1448 621 1497 putentibus,
639 1447 805 1484 articulis
827 1447 966 1483 inlimis
985 1446 1245 1494 longimanus,
1263 1445 1398 1482 mediis
1415 1447 1602 1484 diametro

175 1515 415 1565 4plo—5plo
459 1513 708 1562 longioribus,
747 1515 937 1562 supremis
983 1512 1211 1561 compressis
1257 1513 1463 1549 linearibus
1494 1513 1602 1562 apice

172 1582 371 1621 latioribus
411 1581 569 1630 obtusis,
612 1580 796 1628 geniculis
827 1579 1075 1617 inferioribus
1105 1578 1291 1616 diametro
1323 1578 1412 1628 3plo
1444 1579 1602 1617 brevio-

172 1650 292 1699 ribus,
322 1647 585 1697 superioribus
615 1646 999 1684 sublineaeiormibus.

154 1725 369 1767 tAmphiroa
395 1724 592 1756 Beauvoisii
621 1721 788 1756 Lamour.
817 1721 888 1755 Pol.
912 1720 997 1764 slew.
1020 1731 1054 1764 p.
1083 1722 1160 1754 299.

152 1783 369 1825 2Amphiroa
397 1783 574 1824 pustulata
601 1780 707 1815 Mari.
734 1782 770 1814 in
796 1780 876 1824 Rey.
902 1779 1010 1812 Flora
1039 1779 1137 1812 4836.
1162 1796 1208 1804 --
1233 1777 1335 1811 Ismz.
1361 1776 1504 1821 Speap.
1521 1778 1600 1809 700.

152 1841 369 1883 ?Amphiroa
397 1839 619 1881 complanata
645 1837 748 1871 Isiitz.
774 1838 876 1880 Phyc.
902 1846 980 1881 qen.
1004 1847 1039 1880 p.
1069 1837 1146 1869 388.
1170 1854 1215 1860 --
1240 1834 1338 1878 Spec.
1361 1845 1395 1878 p.
1424 1836 1500 1868 702.

61 1910 102 1963 β,
138 1919 391 1949 CRASStUSCULA
434 1910 575 1955 (Harv.
617 1909 641 1947 l.
681 1911 736 1955 o.)
770 1909 884 1945 ramis
915 1907 1173 1945 crassiusculis
1205 1917 1337 1954 parum
1370 1905 1600 1953 compressis

169 1977 386 2027 patentibus
416 1978 542 2015 minus
574 1977 746 2023 ramosis,
778 1975 945 2013 articulis
978 1973 1302 2012 subbrevioribns.

171 2055 261 2093 Hab.
293 2055 338 2093 ad
371 2056 493 2093 littora
526 2053 708 2103 Capensia
735 2064 806 2090 nec
823 2065 900 2090 non
922 2052 1082 2090 Brasiliae
1099 2050 1228 2100 (Herb.
1248 2051 1412 2088 Univers.
1431 2049 1600 2097 Dublin.)

59 2127 100 2162 In
130 2125 225 2162 mari
258 2124 542 2161 mediterraneo
575 2123 705 2169 (Herb.
735 2122 933 2169 Sonderi).

152 2200 262 2232 Frons
289 2199 579 2240 4—-2-pollicaris
612 2195 681 2241 'sse
706 2198 839 2230 millim.
867 2198 948 2236 lata,
981 2197 1110 2230 coloris
1136 2196 1304 2239 purpurei
1331 2194 1352 2226 l.
1379 2193 1599 2230 virescentis,

59 2259 267 2299 plerumque
295 2257 501 2296 regulariter
528 2255 740 2295 dichotoma,
767 2257 802 2286 at
828 2254 1014 2296 interdum,
1041 2256 1078 2286 ut
1103 2255 1138 2285 in
1165 2253 1328 2285 omnibus
1355 2251 1494 2292 generis
1518 2258 1600 2290 spe-

60 2315 193 2357 ciebus,
220 2313 445 2346 dichotomiae
472 2313 551 2354 plus
579 2314 693 2345 minus
721 2312 945 2352 irregulares.
990 2311 1134 2342 Articuli
1162 2310 1348 2342 inferiores
1375 2307 1600 2349 cylindmcei,

60 2381 236 2405 ramorum
263 2371 458 2412 compressi
484 2370 785 2412 lineari-cuneati,
811 2370 1014 2411 superiores
1042 2368 1253 2408 complanati
1280 2367 1300 2398 1.
1328 2367 1468 2398 omnino
1495 2365 1601 2406 plani,

60 2439 169 2473 saepe,
194 2432 233 2462 ut
257 2431 292 2461 in
318 2429 423 2460 variis
450 2428 657 2460 Galaxaurae
684 2426 884 2469 speciebus,
913 2426 1141 2458 transversim
1169 2424 1320 2456 zonatim
1347 2423 1459 2453 striati
1489 2421 1600 2462 (vidi-

61 2497 137 2520 mus
163 2487 358 2528 specimina
385 2485 643 2519 mediterranea
670 2485 811 2518 nomine
838 2483 1044 2515 Galaxaurae
1072 2481 1275 2522 cylindrieae
1301 2480 1500 2520 inscripta).
1530 2478 1600 2510 Ge-

60 2545 177 2577 nicula
210 2543 374 2576 inferiora
406 2544 443 2575 ut
470 2543 503 2573 in
528 2542 635 2583 priori
671 2542 792 2582 specie
819 2540 988 2581 longiora,
1015 2540 1151 2580 apicem
1179 2547 1302 2569 versus
1329 2538 1461 2569 sensim
1488 2545 1600 2575 angu-

60 2605 180 2636 stiora.
230 2600 429 2632 Keramidia
456 2598 665 2640 frequentia.
691 2615 736 2621 —-
759 2596 958 2629 Secundum
986 2595 1119 2636 ilarvey
1144 2603 1223 2627 var.
1248 2596 1280 2633 β.
1309 2595 1423 2625 minus
1450 2601 1599 2635 ramosa,

60 2659 238 2692 robustior
264 2660 449 2698 minusque
475 2663 680 2696 compressa
708 2663 812 2696 quam
839 2653 948 2685 forma
978 2652 1156 2693 normalis,
1183 2651 1215 2682 in
1243 2651 1371 2682 ceteris
1399 2660 1479 2682 vero
1501 2651 1600 2683 valde

60 2718 197 2750 similis,

152 2774 363 2807 Asservatur
388 2772 421 2803 in
449 2770 611 2802 herbario
640 2769 799 2811 Sonderi‚
828 2769 968 2800 nomine
994 2767 1033 2799 Α.
1060 2766 1182 2807 rigidae
1217 2763 1385 2798 Lamour.
1410 2766 1528 2806 planta
1557 2766 1600 2799 ad

61 2832 178 2864 littora
202 2831 351 2871 Algeriae
378 2829 481 2871 lecta,
510 2836 613 2869 quam
641 2835 658 2859 a
685 2826 940 2868 speciminibus
965 2825 1001 2856 Α.
1029 2824 1143 2866 exilis,
1171 2823 1212 2856 ab
1239 2824 1316 2865 ipso
1334 2823 1466 2865 Harvey
1489 2824 1600 2855 bene-

62 2889 139 2921 vole
173 2887 454 2928 communicatis,
491 2893 535 2917 ne
571 2885 712 2916 minima
748 2883 889 2925 quidem
923 2884 1004 2914 nota
1031 2881 1249 2921 distinguere
1284 2889 1486 2923 possumus,
1513 2890 1600 2914 ean-
