1895 3208
81 146 270 205 Hypaea.
723 142 963 186 tlrvxmcrffi.
1488 152 1492 156 ’
1517 142 1608 182 439

77 284 195 319 Frons
227 276 414 316 tilisormis
446 276 688 313 teretiuscula
729 275 1154 324 rirgato-ramosissima
1184 277 1246 312 aut
1276 275 1359 323 plus
1389 273 1515 311 minus
1545 272 1609 310 di-

189 344 583 390 varicato-ramulosa,
614 342 736 379 stratis
770 344 850 380 sere
882 343 1000 380 tribus
1031 346 1225 391 contexta,
1263 344 1377 379 strato
1409 341 1609 378 medullari

188 413 333 451 cellulis
378 410 563 458 elongatis
607 409 788 459 angustis,
831 410 867 446 in
902 410 1060 457 juvenili
1102 409 1330 457 subsiugulis
1361 408 1609 456 centralibus;

189 477 420 518 intermedio
461 476 606 514 cellulis
644 476 818 524 oblongis
849 478 1050 526 angulatis,
1085 477 1325 526 poripborico
1358 476 1501 513 cellulis
1531 476 1609 512 mi-

187 546 346 586 noribus
377 543 630 593 verticalibus,
661 542 877 590 subsingula
908 544 1007 581 serie
1039 543 1473 593 dispositis,constante.
1504 541 1610 579 Des-

189 613 411 660 me'ocarpia
448 612 544 648 intra
582 609 840 659 pericarpium
880 610 1206 658 bemispluuricum
1238 611 1406 648 clausum
1435 610 1610 660 plurima,

188 684 224 721 in
256 682 325 719 tilis
355 681 436 717 laxe
468 678 633 716 extensis
674 688 869 726 suspensa,
911 677 1121 728 globulosa,
1153 678 1368 725 gcmmidiis
1401 679 1610 716 rotundatis

187 763 205 788 a
238 751 379 798 puncto
411 747 566 785 centrali
598 756 908 794 quoquoversum
942 745 1177 783 radiantibus
1207 746 1326 782 dense
1351 746 1492 794 stipatis
1511 758 1609 784 rou-

187 818 327 856 stituta.
399 815 697 863 Splzoerosporoe
736 814 774 850 iu
817 813 970 850 ramulis
1012 814 1185 862 evolutae,
1226 813 1395 861 plurimzo
1434 814 1468 850 in
1501 826 1610 851 soros

187 884 492 923 nemalbeciosos
523 883 704 932 collectae,
737 882 924 931 oblongae,
950 881 1113 918 zonatim
1132 880 1269 918 dirisae.
1304 881 1438 924 (Irz‘c‘cz.
1458 881 1609 930 Ploycol.

186 952 264 992 tab.
300 951 348 989 60
379 950 443 1000 fiy.
476 950 551 997 JV,·
583 950 701 988 Harv.
738 948 830 987 Ner.
864 953 993 986 auslr.
1027 947 1075 984 II.
1109 947 1184 985 tab.
1218 946 1375 994 XLIX).

185 1087 353 1127 Frondes
386 1088 527 1123 teretes
559 1087 598 1122 et
626 1084 839 1133 (informes,
869 1093 1005 1120 omnes
1036 1082 1316 1132 ramosissimae,
1347 1083 1412 1120 sed
1446 1083 1484 1121 in
1514 1087 1610 1122 statu

71 1155 190 1195 sterili
232 1159 269 1192 et
310 1155 501 1204 sporisero
544 1154 601 1191 vel
646 1151 876 1201 capsulisero
923 1151 1044 1188 forma
1075 1162 1174 1199 saepe
1205 1150 1411 1188 admodum
1441 1151 1610 1192 diversa).

72 1223 225 1263 Steriles
271 1222 426 1260 frondes
470 1223 557 1259 sunt
602 1220 640 1256 in
686 1219 880 1257 nonnullis
918 1217 1120 1267 speciebus
1162 1217 1505 1268 virgato-ramosae,
1537 1219 1610 1256 de-

71 1293 219 1331 nudatae
249 1294 313 1328 aut
342 1290 497 1328 ramulis
530 1289 706 1337 utrinque
737 1286 941 1324 attenuatis
975 1285 1210 1323 rcctiusculis
1242 1285 1415 1333 plurimis
1438 1286 1610 1334 virgatim

72 1359 223 1409 obsitae3
257 1358 293 1395 in
324 1358 406 1395 aliis
437 1356 639 1406 speciebus
671 1359 759 1392 sunt
786 1353 941 1392 frondes
960 1354 1041 1402 plus
1058 1352 1184 1389 minus
1202 1352 1610 1402 divaricato-ramosa·,

72 1426 226 1464 ramulis
257 1424 491 1474 simplicibus
522 1423 703 1461 subulatis
734 1425 797 1459 aut
829 1421 988 1458 ramosis
1020 1420 1231 1458 divaricatis
1263 1422 1418 1470 ornatoe,
1440 1419 1609 1467 caespites

69 1494 154 1542 plus
195 1492 321 1529 minus
363 1491 559 1529 intricatos
600 1489 832 1537 officientes;
874 1489 910 1525 in
950 1487 1031 1524 aliis
1070 1487 1237 1535 donique
1275 1487 1431 1524 frondes
1462 1487 1609 1524 steriles

71 1560 120 1597 ita
151 1559 332 1598 intricata:¹
375 1558 608 1606 ramulisque
647 1566 960 1605 quoquoversum
994 1559 1181 1593 concreta:
1213 1557 1252 1591 ut
1283 1554 1490 1603 pulvinaria
1522 1554 1609 1591 elli-

70 1630 181 1679 ciant,
212 1628 392 1677 depressa
424 1628 488 1663 aut
518 1625 783 1674 erectiuscula,
814 1623 911 1660 baud
945 1622 1175 1660 extricanda.
1220 1623 1422 1671 Sporiserae
1454 1622 1610 1659 frondes

69 1695 260 1733 sterilibus
290 1694 327 1731 in
360 1694 534 1743 plurimis
572 1693 808 1742 conformes,
850 1691 919 1728 nisi
952 1690 1055 1739 quod
1087 1689 1238 1727 ramulis
1269 1689 1513 1726 densioribus
1546 1688 1608 1725 in-

69 1766 280 1811 struantur3
321 1762 357 1799 in
402 1760 605 1811 pulvinatis
643 1771 732 1797 vero
777 1758 869 1796 rami
911 1758 1089 1806 sporiseri
1131 1761 1231 1794 extra
1271 1756 1419 1793 steriles
1453 1755 1609 1793 frondes

69 1831 252 1880 eminent,
285 1829 476 1877 ramisque
508 1828 670 1865 invicem
702 1837 833 1875 parum
860 1825 996 1862 nutrix
1015 1824 1202 1862 concretis
1221 1824 1380 1862 invicem
1399 1824 1505 1861 liberi
1524 1834 1608 1860 ma-

68 1901 172 1938 nent.
219 1896 460 1946 Capsuliserae
493 1906 583 1933 vero
617 1894 786 1943 frondes,
818 1893 898 1930 aliis
918 1892 1023 1930 valde
1041 1891 1412 1940 dissimileS,suntin
1433 1890 1609 1928 omnibus

68 1965 283 2015 speciebus,
308 1975 468 2012 quarum
494 1963 654 2012 eapsuloe
681 1961 886 1999 observatae
906 1960 1070 2010 suerunt,
1089 1959 1226 1996 eximie
1244 1958 1610 1996 divaricato-ramo—

68 2045 136 2082 sae3
168 2036 206 2069 ot
237 2032 393 2070 frondes
425 2031 660 2080 capsuliserao
692 2030 927 2067 diversarum
953 2026 1168 2076 specierum
1197 2027 1358 2064 invicem
1379 2036 1505 2064 revera
1538 2026 1606 2063 sibi

68 2099 187 2149 magis
218 2100 375 2150 similes,
409 2110 521 2148 quam
555 2098 711 2136 frondes
742 2097 892 2135 steriles
924 2100 961 2134 et
991 2096 1225 2144 capsuliscrae
1251 2095 1423 2142 ejusdcm
1456 2094 1609 2143 speciei.

178 2238 217 2273 ln
264 2236 451 2273 structura
497 2234 692 2273 frondium
738 2234 979 2272 diversitates
1026 2242 1182 2281 quoque
1225 2229 1373 2279 adsunt,
1416 2229 1460 2267 ab
1502 2231 1608 2265 aetate

68 2304 227 2354 frondis,
259 2304 296 2341 ni
329 2303 452 2354 fallor,
483 2302 708 2353 pendentes.
782 2302 973 2340 ,Iuveniles
1004 2300 1177 2349 frondes,
1207 2298 1242 2334 in
1275 2297 1445 2346 pluribus
1475 2300 1606 2337 saltem

67 2370 282 2420 speciebus,
325 2372 499 2408 cellulam
541 2371 748 2408 centralem
787 2383 806 2407 a
839 2369 1026 2408 vicinibus
1054 2367 1256 2404 'diversam
1297 2368 1525 2413 monstrant,
1569 2366 1607 2402 in

68 2437 270 2476 frondibus
315 2438 568 2475 adultioribus
612 2439 689 2475 baec
732 2438 865 2475 cellula
907 2436 1032 2473 minus
1063 2434 1277 2483 perspicua,
1310 2432 1357 2468 ita
1390 2435 1429 2467 ut
1462 2432 1606 2469 frondis

67 2507 224 2542 stratum
271 2504 431 2542 interius
477 2505 513 2542 in
558 2505 753 2543 nonnullis
792 2504 994 2553 speciebus
1039 2505 1159 2539 totum
1202 2500 1416 2546 conforme,
1458 2498 1494 2535 in
1526 2499 1607 2536 aliis

67 2584 159 2610 vero
205 2573 349 2610 cellulae
394 2573 523 2621 plures
569 2574 756 2610 centrales
801 2571 1050 2619 angustiores,
1095 2572 1251 2606 stratum
1299 2566 1488 2614 peculiare
1521 2567 1603 2603 l'or-

66 2643 225 2690 mantes,
258 2639 392 2677 adsint.
452 2641 602 2678 Cellulae
634 2644 812 2678 caeterum
845 2649 980 2689 omnes
1015 2636 1192 2675 srondrm
1220 2635 1494 2672 constituentes
1511 2634 1606 2672 sub-

67 2708 301 2755 conformes,
344 2707 727 2755 oblongo-angulum
768 2710 804 2742 et
844 2705 987 2742 tirmius
1019 2706 1226 2751 concretw3
1258 2703 1444 2739 centrales
1476 2705 1513 2737 ot
1545 2701 1607 2737 iu-

68 2774 262 2814 termediae
301 2774 628 2822 longitudinalitor
669 2777 850 2821 extensae,
883 2771 1129 2820 poriplwricoe
1161 2782 1203 2806 ox·
1237 2770 1290 2806 bis
1323 2768 1607 2817 subverticales,

67 2842 285 2891 breviores,
332 2841 631 2879 endocbromate
681 2840 883 2888 coloratae,
928 2838 1088 2886 simplici
1137 2840 1216 2874 l‘rre
1260 2837 1359 2875 serie
1405 2838 1604 2888 disposilzo.

67 2911 227 2946 Stratum
261 2911 377 2946 tenue
408 2908 596 2955 byalinum
629 2917 828 2944 mucosum
863 2905 1039 2943 trondem
1073 2905 1241 2954 undique
1274 2904 1399 2953 cingit.
