1895 3208
152 142 366 202 S'pyridla.
809 150 1026 196 Sin-ninum.
1593 164 1618 204 3
1627 164 1686 205 39

152 278 312 316 ‹listiclie
353 278 601 331 sulipinnattc,
641 283 883 331 ramcllisque
929 285 1309 338 suhimen-oiiiorphis
1355 291 1583 330 verticillatis
1625 299 1687 332 aut

152 355 462 394 quoquoversum
495 348 594 395 vagis
625 350 679 386 vel
712 361 730 387 a
764 351 936 399 margine
976 354 1121 392 frondis
1153 367 1382 406 compressa}
1410 359 1578 398 distichis
1611 362 1685 399 ob-

152 414 240 451 sitm.
301 413 452 451 Ramelli
485 414 698 463 piliformes
737 419 947 456 tenuissimi
982 425 1045 459 aut
1075 424 1279 475 firmiores,
1311 427 1509 479 articulati,
1539 441 1684 468 mono—

150 480 311 529 siplionii
345 485 383 518 et
412 481 503 518 nudi
536 486 597 519 aut
626 483 781 522 demum
814 486 858 523 ad
885 488 1057 534 genicula
1078 491 1231 543 fasciati,
1250 497 1444 544 stratoque
1464 497 1684 536 cellularum

101 540 105 541 ⁷
151 546 386 584 corticalium
420 548 609 599 instructi,
642 552 795 599 plurimi
827 554 993 605 decidui,
1025 560 1200 597 nonnulli
1234 561 1507 614 increscentes,
1540 566 1682 604 cortice

149 615 324 652 crassiori
371 615 539 667 obducti,
584 619 725 657 sensim
772 621 810 657 in
856 623 1022 661 raimilos
1070 636 1274 675 ramosque
1320 630 1523 680 abeuntes,
1556 633 1682 681 apices

150 681 393 719 ramellorum
438 683 472 720 in
513 695 673 723 acumen
709 688 883 736 producti
915 693 977 727 aut
1009 691 1241 743 obtusiores,
1273 706 1374 733 nunc
1405 698 1442 735 in
1476 709 1682 738 mucrones

147 747 253 787 ⁶2—3
296 750 522 789 divaricatos
563 757 627 790 aut
671 758 881 794 retrorsum
925 757 1123 796 uncinatos
1170 767 1431 814 excurrentes,
1474 777 1682 805 mucrones

147 816 369 863 subhyatini.
435 820 584 858 cellulae
616 822 815 860 corticales
848 825 1014 876 minutae,
1046 826 1347 877 subrectangulae
1378 836 1440 869 aut
1471 834 1682 885 liexaedrw,

145 884 302 922 demum
346 886 463 934 magis
509 888 750 936 irregulares.
822 892 973 929 Articuli
1019 894 1264 932 ramcllorum
1297 897 1486 936 diametro
1518 903 1681 948 {equales

146 955 209 988 aut
253 951 426 1000 2—ssplo
471 954 683 1005 longiores3
732 957 767 994 in
815 958 968 996 ramulis
1015 960 1206 1009 ramisque
1253 963 1468 1016 breviores,
1522 968 1560 1004 in
1609 968 1681 1005 illis

145 1019 444 1058 endocliromate
487 1023 658 1061 colorato
702 1025 822 1075 tincti,
866 1026 901 1063 in
935 1027 990 1065 liis
1022 1039 1122 1066 nunc
1152 1032 1455 1081 monosiphonii,
1489 1045 1589 1072 nunc
1621 1036 1680 1081 (in

143 1086 285 1124 ultimis
315 1088 537 1137 speciebus)
571 1091 640 1139 ipsi
673 1092 856 1131 cellulosi.

253 1157 492 1206 Cystocarpia
525 1159 859 1199 transformatione
892 1164 1025 1201 ramuli
1062 1164 1233 1216 formata,
1266 1166 1302 1203 in
1335 1168 1554 1215 pedunculo
1574 1169 1676 1209 brevi

141 1223 352 1261 terminalia
394 1225 635 1275 ramellisque
676 1227 915 1267 brevioribus
952 1232 1082 1280 paucis
1115 1233 1359 1272 involucrata.
1420 1237 1678 1287 Pericarpium

141 1292 385 1330 rotundatum
418 1297 481 1330 aut
512 1296 811 1334 tmnsversatiter
842 1297 1050 1347 oblongum
1084 1300 1344 1351 l›i-trilobum,
1376 1304 1521 1342 cellulis
1552 1318 1676 1354 angu-

140 1358 223 1396 latis
253 1359 483 1407 subliyalinis
515 1363 733 1413 conflatum,
765 1365 947 1416 clausum,
980 1354 1201 1406 cellularum
1228 1369 1483 1410 dissolutione
1515 1372 1572 1420 [?]
1602 1374 1676 1412 de-

138 1438 244 1464 mum
281 1432 466 1476 apertum.
535 1429 663 1469 Nuclei
703 1432 832 1480 plures
864 1434 1002 1471 eodem
1033 1436 1248 1486 pericarpio
1281 1438 1429 1490 inclusi,
1461 1441 1559 1478 circa
1591 1443 1675 1490 pla-

139 1498 287 1532 centam
320 1497 528 1534 centralem
561 1497 746 1547 dispositi.
779 1501 950 1540 Placenta
977 1504 1153 1541 centralis
1172 1505 1431 1553 pedunculum
1450 1510 1675 1547 continuans

138 1565 176 1600 et
205 1562 250 1600 ad
282 1563 429 1613 apicem
469 1567 693 1615 cystocarpii
734 1569 856 1617 (saepe
895 1569 994 1608 inter
1035 1571 1146 1609 lobes
1178 1573 1400 1612 subinflatos
1431 1575 1675 1625 depressum)

138 1633 305 1681 extensa,
337 1631 406 1669 fitis
436 1631 564 1669 densis
596 1633 1045 1685 dicliotomo-fastigiatis
1075 1642 1112 1676 et
1135 1642 1440 1681 anastomosibus
1458 1645 1674 1692 conjunctis

137 1702 324 1736 contexta.
396 1699 447 1737 Ab
490 1700 557 1738 liac
598 1703 776 1741 columna
820 1704 976 1742 centrali
1018 1707 1241 1756 cystocarpii
1285 1710 1358 1760 fila,
1401 1721 1595 1748 ramorum
1627 1713 1673 1749 ad

136 1765 265 1815 instar,
310 1770 462 1817 exeunt,
507 1779 819 1817 quoquoversum
868 1772 1063 1824 radiantia,
1110 1775 1270 1822 plurima
1311 1778 1484 1824 elongata
1517 1778 1673 1829 sterilia,

135 1832 206 1870 alia
254 1833 429 1872 breviora
477 1834 633 1884 fertilia;
687 1837 826 1874 sterilia
873 1838 1176 1887 subregularuer
1220 1842 1460 1894 dicliotoma,
1505 1846 1673 1883 articulis

135 1901 320 1948 elongatiS
363 1902 594 1952 constantia,
634 1903 671 1940 in
714 1904 867 1942 cellulas
909 1907 1167 1955 periphericas
1205 1911 1408 1960 pericarpii
1439 1912 1671 1964 desinentia3

135 1968 272 2007 fertilia
318 1969 518 2007 fasciculos
563 1971 692 2018 plures
737 1971 781 2008 ad
827 1972 998 2011 diversos
1044 1975 1154 2013 lobos
1199 1977 1399 2016 tendentes
1445 1980 1671 2031 formantia,

129 2034 311 2080 juvenilia
355 2037 763 2089 paniculato-ramosa,
806 2040 974 2079 articulis
1015 2041 1192 2081 brevibus
1231 2045 1408 2094 oblongis
1447 2049 1670 2097 constantia,

132 2107 278 2141 matura
316 2105 494 2142 nucleum
533 2105 736 2144 obovatum
779 2109 1024 2147 uvaeformem
1057 2112 1354 2159 gemmidiorum
1387 2115 1669 2154 constituentia.

132 2170 344 2209 Gemmidia
388 2171 576 2210 divisione
621 2173 753 2212 iterata
799 2175 1046 2214 articulorum
1099 2182 1193 2228 orta,
1239 2179 1403 2228 oblonga
1435 2182 1669 2231 demumque

131 2240 261 2274 mutua
291 2239 492 2287 pressione
524 2241 710 2290 angulata,
743 2252 856 2280 muco
889 2243 1146 2282 solidescente
1178 2246 1342 2285 invicem
1367 2253 1538 2297 separata
1555 2254 1669 2298 atque

131 2302 170 2340 in
202 2314 319 2342 unum
352 2306 526 2344 cohibita.
601 2308 675 2345 Fila
716 2310 860 2347 sterilia
892 2312 1090 2349 nucleolos
1123 2313 1172 2350 ita
1202 2314 1391 2352 formatos
1422 2317 1668 2354 circumcirca

132 2370 313 2408 ambiunt.
387 2373 567 2411 Fasciculi
614 2375 764 2413 filorum
809 2378 1013 2424 gemmidia
1059 2384 1204 2418 matura
1249 2384 1494 2420 continentes
1525 2383 1667 2431 aliique

127 2438 329 2489 juveniles,
369 2442 433 2476 aut
473 2441 599 2477 forsan
640 2441 686 2479 ad
722 2444 983 2483 evolutionem
1015 2457 1092 2485 non
1125 2450 1405 2502 pervenientes,
1436 2452 1533 2489 intra
1564 2452 1665 2489 idem

130 2505 386 2555 pericarpium
418 2517 517 2555 saepo
548 2507 697 2545 adsunt.

240 2572 520 2623 Sphaerosporae
566 2575 604 2612 in
651 2578 815 2615 ramellis
861 2579 1045 2618 interiore
1093 2583 1320 2631 plerumque
1375 2586 1511 2637 latere,
1564 2597 1666 2624 nunc

130 2637 389 2692 circumcirca,
421 2643 592 2693 evotutae,
623 2645 820 2693 inorpliosi
852 2648 996 2685 cettulae
1021 2650 1185 2697 propi-ize
1213 2655 1275 2688 aut
1293 2653 1481 2690 cortic-alis
1499 2653 1663 2701 geniculi

130 2705 312 2756 formatae,
351 2711 529 2759 externae,
574 2710 670 2749 intra
709 2712 966 2762 perisporium
997 2715 1187 2763 hyalinum
1218 2719 1443 2768 splnericum
1478 2721 1663 2770 triangule

130 2772 405 2819 quadi-idivisae.

238 2842 364 2879 Genus
394 2846 581 2883 structura
614 2846 759 2885 frondis
790 2859 875 2886 cum
908 2850 1081 2888 Ceramio
1113 2853 1287 2900 proxime
1320 2854 1565 2906 conveniens,
1598 2867 1663 2893 ra-

128 2906 249 2945 mellis
280 2911 408 2947 tamen
439 2911 520 2950 fere
550 2913 818 2963 lieterogeneis
850 2916 887 2954 in
919 2917 1071 2956 racliide
1089 2919 1246 2958 densius
1265 2922 1440 2960 corticata
1459 2922 1663 2974 diversum,

1470 2988 1532 3020 22*
