1895 3208
62 133 316 178 Delesseria.
632 131 1014 174 SrnAEnococcoinEAE.
1490 132 1582 172 687

154 267 325 307 Caespites
363 266 397 298 in
434 265 627 298 Laminaria
664 265 806 306 ‹ligitata
846 267 1036 308 parasitici,
1063 274 1081 298 a
1109 265 1195 299 callo
1235 265 1376 301 radicali
1403 273 1585 313 exeuntes,

61 327 368 370 t-o-pollicares.
419 324 572 357 Frondes
599 323 732 357 inferne
759 319 1002 358 c'aulesceutes
1030 333 1159 358 crassa}
1186 328 1220 358 et
1246 325 1318 358 sere
1337 327 1588 370 teretiusculae,

61 387 230 420 diametro
264 384 335 417 sere
369 384 470 416 linem
505 382 671 426 dimidiae,
703 392 854 425 superne
887 385 1018 416 sensim
1054 385 1230 416 tenuiores
1257 386 1440 429 ancipites,
1468 394 1585 419 ramo-

60 447 223 478 sissimae.
272 443 486 476 Ramificatio
514 441 648 475 crebris
687 442 908 475 dicliotomiis
946 445 1032 486 orta,
1070 443 1132 476 sed
1159 445 1349 484 segmentis
1377 444 1408 477 in
1437 446 1585 487 utroque

59 502 169 536 latere
204 503 288 535 rami
328 501 531 544 principalis
571 500 800 544 brevioribus,
838 500 933 533 frons
971 501 1103 534 alterne
1140 503 1282 543 pinnata
1317 503 1443 546 evadit,
1469 505 1586 546 pinnis

59 561 272 605 patentibus,
310 560 534 593 inferioribus
571 560 797 600 longioribus.
862 560 1048 600 segmenta
1087 562 1269 602 superiora
1307 561 1382 594 basi
1410 562 1586 595 levissime

60 623 254 662 angustata,
281 620 360 652 dein
387 619 541 661 linearia,
576 619 675 659 apice
709 617 812 650 bifida
851 621 910 651 aut
947 617 1168 659 subpinnata.
1230 618 1376 652 Fructus
1405 621 1585 663 utriusque

58 679 196 718 generis
222 679 256 710 et
282 678 316 709 in
342 678 534 718 segmentis
563 675 802 709 terminalibus
829 677 864 708 et
889 677 921 708 in
946 676 1070 718 phyllis
1097 677 1249 718 propriis
1276 677 1478 711 axillaribus
1502 687 1585 712 evo-

57 736 131 769 luti.
180 735 295 778 Pbylla
323 735 560 768 concidiorum
587 734 658 767 sere
685 734 857 777 subulata,
884 734 997 766 medio
1025 733 1068 766 ob
1095 733 1247 767 fructum
1274 735 1373 767 valde
1393 736 1585 769 incrassata

58 796 92 826 et
117 794 194 836 plus
227 794 332 835 duplo
365 795 548 835 crassiora,
581 793 707 825 lineam
740 792 830 825 baud
865 792 985 833 longa,
1010 792 1182 834 pedicello
1210 793 1404 826 coccidium
1432 794 1586 835 longitu-

57 853 137 886 dine
162 854 235 886 sere
267 854 439 894 aequante,
473 854 585 884 rostro
619 852 902 892 supereminente
934 851 1086 893 simplici
1121 853 1180 883 aut
1210 850 1345 883 surcato
1378 851 1583 894 plerumque

56 910 228 944 breviora.
279 910 395 953 Phylla
421 909 747 952 sphaerosporarum
772 910 898 942 lineam
928 910 1029 950 longa
1056 912 1090 942 et
1115 910 1282 949 longiora,
1310 910 1480 952 simplicia
1507 911 1583 943 lan-

56 970 370 1009 ceolato-linearia,
405 971 464 1001 aut
499 969 629 1009 saepius
668 968 778 1000 divisa
810 967 1209 1009 subpalmato-pinnata.
1268 967 1370 1001 Color
1395 971 1584 1003 coccineo-

55 1037 264 1071 purpureus.
314 1027 517 1060 Substantia
542 1026 1072 1067 membranaceo-cartilaginea.

148 1085 257 1118 Variae
284 1085 326 1118 de
352 1085 416 1118 hac
441 1085 559 1128 planta
592 1074 782 1119 Auctorum
808 1086 1000 1127 opiniones.
1051 1084 1191 1118 Veteres
1219 1095 1299 1118 cum
1325 1085 1364 1118 1).
1392 1086 1494 1130 alata,
1521 1097 1583 1120 va-

55 1145 189 1178 rietatis
215 1144 258 1178 ad
284 1146 404 1188 instar,
430 1143 697 1186 conjunxerunt.
749 1144 833 1177 D:na
861 1144 1014 1177 Gristitbs
1030 1146 1154 1188 prima,
1171 1146 1203 1177 ni
1220 1144 1583 1186 fallor-,diversitatem

56 1203 233 1236 indicavit.
295 1201 372 1244 lpse
414 1202 618 1235 affinitatem
657 1212 736 1235 cum
778 1204 955 1244 Gigartina
994 1206 1141 1236 rostrata
1174 1204 1347 1247 Lyngbyei
1374 1206 1523 1239 indicavi
1551 1211 1586 1241 at

57 1263 239 1303 utramque
270 1261 457 1294 identicam
485 1261 630 1304 credidi,
657 1261 861 1302 fragmentis
887 1264 1021 1295 tantum
1048 1262 1200 1296 Scoticze
1226 1264 1360 1305 spec-lei
1388 1265 1485 1298 visis.
1513 1264 1584 1298 Ho-

55 1320 112 1352 die
149 1319 401 1361 speciminibus
440 1320 625 1362 completis
664 1321 825 1362 coguitis,
859 1320 1062 1355 affinitatem
1089 1330 1167 1354 cum
1193 1321 1402 1356 Delesseriis
1429 1332 1583 1365 agnosco

57 1380 92 1411 et
117 1387 245 1411 nomen
272 1387 289 1411 a
315 1377 401 1411 D:na
428 1378 582 1411 Grisfitbs
609 1379 727 1412 datum
754 1388 936 1412 conservo.
963 1379 1097 1423 Harvey
1122 1382 1155 1414 in
1182 1382 1428 1415 recentissimo
1444 1391 1582 1426 quoque

56 1438 172 1480 operis
198 1438 251 1469 sui
277 1436 437 1480 (Phycol.
463 1436 538 1471 sub.
565 1436 634 1471 tab.
667 1436 778 1471 CCXL
790 1437 883 1482 VII.)
915 1442 1014 1482 parte
1045 1439 1084 1472 D.
1117 1441 1401 1481 angustissimam
1438 1451 1517 1475 curn
1543 1442 1581 1476 D.

56 1495 146 1528 alata
172 1494 449 1539 conjungendam
477 1498 604 1529 monet.

61 1600 118 1638 ⁴0.
149 1603 187 1639 D.
218 1603 417 1639 JUERGENSH
452 1600 505 1646 [J.
537 1601 602 1649 Ay.
636 1600 758 1649 Symb.
787 1612 826 1649 p.
864 1600 928 1649 lt)
961 1603 1095 1640 fronde
1128 1603 1258 1641 lineari
1283 1606 1583 1656 ancipite-plana

165 1669 232 1707 alis
271 1669 446 1707 destituta
484 1669 900 1720 dichotomo-pinnata,
939 1672 1143 1719 segmentis
1180 1673 1443 1722 superioribus
1475 1675 1584 1723 pliyl-

165 1736 286 1785 lisque
318 1749 336 1774 a
368 1738 868 1787 margine.prolificantibus
899 1738 1371 1778 subeuneato-linearibus
1389 1741 1584 1779 obtusius-

167 1803 260 1842 culis
302 1805 473 1854 margine
517 1807 683 1858 serratis,
727 1806 910 1845 fructibus
955 1808 1074 1856 phylla
1121 1808 1333 1848 conformia
1365 1809 1584 1857 marginalia

166 1873 448 1923 occupantibus.

148 1949 386 1984 Rhodomenia
410 1950 605 1993 Juergensii
632 1950 664 1984 J.
690 1949 747 1995 Ay.
774 1951 795 1985 l.
821 1962 850 1985 c.

149 2008 403 2052 Spaerococcus
430 2009 626 2051 Juergensii
652 2008 752 2044 Ismz.
777 2020 828 2053 sp.
850 2020 885 2054 p.
912 2011 987 2044 783.

148 2067 347 2101 Delesseria
372 2069 592 2111 complanata
619 2068 728 2112 Rupr.
753 2069 824 2114 Alq.
853 2069 973 2104 Ochoc.
996 2080 1031 2114 p.
1058 2070 1153 2104 2451!

167 2140 254 2178 Hab.
299 2140 336 2177 in
381 2139 476 2178 mari
520 2141 790 2178 Kamtsehatico
835 2140 1052 2190 (nugensi.)
1091 2141 1135 2179 ad
1167 2145 1218 2180 S:t
1247 2142 1334 2181 Paul
1366 2143 1476 2188 (Mus.
1508 2145 1583 2181 Pe-

58 2209 245 2258 tropum).

149 2274 257 2309 Frons
283 2285 597 2319 purpureo—rosea,
631 2276 911 2320 membranacea,
939 2277 1242 2321 3—6-pollicaris,
1268 2277 1396 2310 lineam
1421 2277 1479 2310 vix
1505 2276 1583 2318 lata,

57 2334 190 2368 inferne
216 2335 496 2378 subdichotoma,
522 2344 673 2377 superne
698 2336 815 2377 pinnis
841 2334 1030 2377 majoribus
1058 2335 1322 2379 minoribusque
1349 2336 1585 2376 irregulariter

58 2394 282 2437 interspersis
315 2394 556 2436 decomposite
587 2395 741 2436 pinnata.
799 2393 916 2427 Piunae
943 2394 1169 2436 pinnulaeque
1196 2393 1406 2437 conformes,
1434 2394 1584 2426 minores

56 2451 135 2484 basi
171 2453 298 2485 eximie
336 2454 543 2495 angustatae,
582 2452 777 2485 secundum
813 2454 953 2485 aetatem
993 2456 1053 2486 aut
1089 2455 1245 2495 serratae,
1284 2456 1343 2486 aut
1368 2453 1500 2495 incisae,
1527 2454 1586 2484 aut

57 2511 210 2552 pinnulis
248 2512 327 2543 novi
368 2511 499 2544 ordinis
538 2510 675 2544 obsitae.
737 2508 902 2544 Coccidia
940 2512 976 2544 in
1013 2511 1166 2553 pinnulis
1207 2510 1398 2544 subdivisis
1435 2510 1584 2552 sessilia,

59 2572 158 2611 apice
197 2569 439 2602 obtusiusculo
479 2569 588 2602 sterili
626 2569 778 2611 pinnulae
816 2571 992 2611 superata.
1056 2568 1321 2611 Sphaerosporre
1358 2570 1391 2601 in
1430 2567 1584 2611 pinnulis

59 2632 162 2671 atque
200 2629 390 2669 segmentis
428 2627 680 2670 terminalibus,
719 2628 830 2661 forma
856 2637 875 2661 a
899 2628 1078 2662 sterilibus
1116 2630 1173 2662 vix
1211 2628 1371 2669 diversis,
1398 2627 1585 2668 immersae,

59 2688 178 2729 apices
203 2686 358 2729 pinnulae
385 2688 530 2719 costatae
556 2689 782 2728 occupantes.

152 2745 334 2778 Structura
366 2743 594 2785 Delesseriae3
626 2744 761 2778 cellulae
795 2753 929 2786 magnae
956 2744 1148 2778 minoribus
1174 2745 1399 2787 interspersis
1426 2744 1584 2776 centrum

58 2806 250 2846 occupant,
283 2803 418 2836 cellulis
451 2802 682 2844 periphericis
712 2804 816 2835 unica
855 2812 945 2836 serie
983 2803 1163 2845 dispositis
1187 2803 1352 2836 coloratis
1378 2801 1584 2835 rotundato-

59 2862 243 2903 angulatis.
269 2860 480 2904 Superficies
507 2861 650 2894 cellulas
679 2869 800 2894 omnes
827 2861 981 2904 aequales
996 2861 1388 2902 rotundato-angulatas
1403 2861 1583 2902 monstrat,

60 2919 251 2953 costalibus
278 2920 413 2953 cellulis
439 2918 758 2961 niarginalibusque
785 2919 1039 2954 consimilibus.
1089 2918 1193 2953 Costa
1218 2921 1335 2962 itaque
1361 2918 1427 2952 sub
1454 2920 1584 2951 micro·-
