1895 3208
240 157 331 196 486
875 145 1137 196 SQUAvAmEAE.

238 287 361 324 lautia.
429 285 707 332 Splizerosporae
747 282 811 317 aut
849 279 1183 317 transformatione
1215 279 1463 316 articulorum
1496 279 1667 317 omnium
1699 279 1775 326 (vel

236 356 368 391 saltem
413 348 686 399 plurimorum)
733 348 879 385 frondis
928 349 1173 385 tilamentosa¹
1212 347 1536 395 (Actinoeoccus),
1568 348 1630 383 aut
1661 346 1774 383 unico

236 418 395 457 articulo
427 416 558 455 medio
592 418 628 454 in
660 417 730 454 filis
760 417 918 464 singulis
950 419 1182 465 praegnante,
1221 415 1365 452 cacteris
1396 415 1586 452 sterilibus
1618 417 1776 460 (Petro-

237 487 363 533 celis),
394 488 457 522 aut
488 485 786 533 metamorphosi
819 484 966 522 articuli
1009 483 1218 521 terminalis
1258 480 1516 528 (Contarinia)
1548 485 1611 518 aut
1642 480 1776 518 ramuli

236 553 381 603 proprii
429 553 591 590 lateralis
635 551 832 598 (Cruoria)
878 550 1065 589 oriuntur.
1137 554 1174 587 ln
1216 550 1351 588 fronde
1392 550 1571 586 cellulosa
1609 552 1672 586 aut
1700 549 1775 586 sori

237 621 371 659 elevati
418 623 481 657 aut
526 619 764 658 Ncmatliecia
812 619 966 667 propria
1011 619 1236 667 formantur,
1270 617 1304 654 in
1337 617 1474 665 quibus
1505 616 1777 664 spliaerosporzc

237 688 480 737 proveniunt.
554 689 717 724 Stratum
764 686 835 723 lioc
881 686 1205 722 nematlieciosnm
1252 689 1315 722 aut
1346 684 1510 732 parietes
1551 686 1701 732 cryptae,
1740 683 1776 719 in

237 755 376 793 fronde
423 754 622 804 demersae,
669 757 831 802 occupat
875 753 1245 802 (llildenbramltia),
1285 756 1348 789 aut
1391 763 1502 800 supra
1535 750 1778 799 superficiem

238 823 407 860 sterilem
450 821 522 858 late
564 832 772 870 expansum
813 822 1128 869 (llaematocelis),
1159 825 1222 858 aut
1253 832 1428 859 verrucas
1463 820 1578 857 efficit
1607 819 1777 857 minores

240 890 533 938 (l‘eyssonelia).
601 893 641 927 ln
681 889 937 927 llliododermi
977 890 1054 927 sori
1099 900 1210 937 supra
1254 889 1430 937 paginam
1469 887 1600 924 elevati
1633 887 1781 937 adsunt,

240 957 548 1007 parauematilms
582 957 836 1004 rigidiusculis
867 957 1150 1007 spliserosporas
1182 956 1462 994 comitantibus.
1503 957 1781 1004 Sphaerosporce

239 1030 303 1063 aut
342 1025 536 1062 cruciatim
578 1025 703 1061 (livisse
747 1025 1056 1074 (Actinococcns,
1096 1024 1313 1074 l‘etrocclis,
1358 1023 1588 1071 Contarinia,
1622 1021 1781 1059 llilden-

240 1091 411 1129 brandtia
444 1104 512 1142 sp.,
546 1091 787 1138 reyssonelia
822 1095 858 1128 et
889 1092 1185 1139 Rliododermis)
1217 1095 1280 1129 aut
1311 1091 1488 1128 nucleum
1521 1091 1685 1128 zonatim
1717 1090 1781 1127 di-

239 1160 359 1197 visum
394 1159 521 1195 fovent
553 1159 743 1207 (Cruor-ia,
775 1158 1084 1196 llildenbrandtia
1116 1171 1184 1207 sp,
1215 1158 1510 1202 limmatoeelis).

352 1225 564 1264 Gener-ibus
609 1227 735 1274 itaque
782 1226 878 1263 ordo
925 1229 1084 1275 constat,
1116 1225 1265 1263 diverso
1298 1225 1526 1262 evolationis
1558 1225 1674 1273 gradu
1707 1238 1781 1274 po-

240 1296 330 1333 sitis.
397 1298 434 1332 In
474 1294 606 1331 infimo
647 1304 791 1341 genere
830 1293 900 1330 tilis
930 1293 1188 1330 uniformibus
1220 1293 1523 1341 constituuntur,
1555 1292 1656 1328 nulla
1688 1292 1780 1328 facta

238 1363 339 1400 inter
384 1371 523 1407 organa
570 1360 822 1409 vegetationis
853 1364 891 1397 et
922 1361 1207 1410 propagationis
1244 1360 1476 1397 differentia:
1515 1360 1661 1398 articuli
1693 1361 1782 1397 lilo-

240 1441 323 1468 rum
370 1440 517 1478 omnes,
563 1432 626 1465 aut
670 1429 802 1465 saltem
842 1428 1010 1478 plurimi,
1052 1429 1195 1466 sensim
1241 1429 1383 1466 fertiles
1429 1429 1613 1478 evadunt,
1657 1428 1782 1476 sphze-

238 1508 421 1546 rosporas
467 1496 633 1544 singulas
679 1496 816 1544 singuli
870 1497 1042 1533 foventes
1086 1497 1410 1544 (Actinococcus).
1490 1496 1781 1534 Distinctionem

240 1565 341 1602 inter
369 1575 509 1613 organa
541 1564 750 1610 systematis
789 1564 984 1611 vegetativi
1026 1568 1062 1600 et
1093 1564 1328 1613 propagativi
1361 1564 1398 1601 in
1431 1563 1680 1612 sequentibus
1711 1576 1782 1611 ge-

241 1632 398 1669 neribus
443 1632 490 1669 ita
538 1632 673 1669 factam
706 1631 935 1681 invenimus,
969 1635 1008 1668 ut
1039 1634 1102 1669 aut
1133 1632 1269 1669 unicus
1300 1631 1481 1669 articulus
1514 1632 1562 1668 fili
1595 1631 1712 1669 medii
1745 1631 1782 1668 in

240 1700 545 1748 spliaerosporam
584 1702 753 1736 mutetur
797 1699 1060 1749 (Petrocelis),
1100 1702 1163 1735 aut
1200 1699 1347 1735 articuli
1382 1698 1601 1736 terminales
1633 1699 1782 1736 tilorum

240 1767 502 1815 (Contarinia)
551 1768 607 1803 vel
654 1767 785 1803 ramuli
834 1767 997 1803 lateralis
1035 1766 1238 1812 (Cruoria)
1272 1767 1308 1803 in
1340 1767 1623 1815 spliaerosporas
1655 1770 1782 1804 trans-

241 1838 467 1873 formentur.
540 1837 579 1871 ln
619 1833 884 1882 superioribus
921 1834 1127 1880 generibus
1167 1845 1244 1870 non
1283 1837 1426 1870 tantum
1469 1834 1594 1871 stratis
1625 1833 1783 1872 diversis

242 1905 348 1941 frons
394 1905 569 1940 contexta
615 1904 683 1950 est,
728 1901 793 1938 sed
841 1912 982 1948 organa
1028 1901 1310 1949 propagationis
1356 1913 1512 1950 quoque
1559 1905 1597 1939 ut
1643 1914 1783 1950 organa

240 1970 397 2021 propria
427 1970 693 2007 transformata
728 1969 970 2017 proveniunt.
1031 1969 1104 2006 Fila
1138 1980 1306 2018 quoque,
1337 1980 1450 2006 muco
1484 1969 1615 2006 laxiori
1648 1972 1685 2005 ct
1703 1970 1782 2006 fere

242 2039 359 2076 fluido
399 2038 436 2075 in
477 2037 616 2074 infimis
654 2036 860 2085 generibus
899 2036 1075 2085 cohibita,
1117 2036 1153 2073 in
1192 2036 1456 2084 superioribus
1487 2047 1600 2073 muco
1634 2036 1783 2074 solide-

242 2110 373 2144 scente
411 2108 589 2142 concreta
630 2107 826 2154 apparent,
865 2108 901 2141 et
939 2104 1097 2141 frondes
1137 2104 1327 2141 cettatosae
1368 2103 1494 2152 potius
1539 2115 1652 2152 quam
1697 2105 1782 2141 tila-

242 2177 425 2212 mentosae
457 2172 648 2210 dicuntur.

355 2241 503 2289 l'lantae,
541 2250 633 2286 quas
672 2239 742 2276 boc
781 2239 866 2276 loco
910 2239 947 2275 in
988 2239 1165 2276 ordinem
1198 2238 1391 2285 conjunxi,
1424 2238 1547 2286 quoad
1581 2239 1781 2276 maximam

243 2311 389 2357 partem
423 2307 605 2355 nuperius
637 2306 818 2353 indagatae
852 2306 1015 2343 fuerunt.
1049 2308 1146 2355 Una,
1164 2306 1240 2352 jam
1260 2317 1279 2342 a
1296 2306 1470 2344 Gmelino
1503 2307 1784 2357 cognita,inter

242 2375 420 2413 Zonarias
452 2375 516 2411 diu
537 2374 847 2423 enumerabatur,
865 2374 991 2410 ‹lonec
1012 2375 1089 2411 fere
1110 2374 1249 2411 eodem
1268 2376 1443 2422 tempore
1462 2386 1480 2410 a
1498 2374 1725 2411 Zanardinio
1746 2378 1783 2411 et

242 2442 453 2480 llecaisneo
472 2442 662 2491 distincta,
683 2444 720 2478 et
736 2441 781 2478 ab
807 2441 878 2479 boc
912 2441 1095 2478 Florideis
1128 2441 1311 2477 vindicata
1332 2440 1409 2480 fnit.
1443 2441 1780 2488 Plurimas,l1abitn

242 2509 448 2547 admodum
481 2509 624 2546 similes
657 2512 694 2545 et
724 2511 818 2545 statu
852 2508 968 2546 sterili
1002 2508 1138 2555 aegrius
1156 2507 1486 2555 dignoscendas,a
1507 2507 1781 2555 probatissimis

242 2588 396 2624 quoque
441 2576 667 2614 Auctoribus
714 2588 788 2613 non
836 2587 968 2624 parum
1009 2576 1187 2613 confusas
1227 2576 1453 2613 invenimus.
1514 2574 1783 2613 lj)iversissimis

243 2655 397 2691 «pioque
429 2643 639 2689 systematis
671 2643 762 2680 locis
794 2643 996 2692 dispersas,
1028 2643 1303 2691 spbzcrosporis
1334 2643 1587 2690 plurimorum
1621 2641 1781 2687 indaga-

244 2711 302 2760 tis,
343 2711 414 2747 lioc
457 2711 542 2748 loco
583 2710 820 2757 conjungere
865 2711 1069 2759 potuimus.
1143 2710 1392 2758 Cystocarpiis
1425 2710 1459 2745 in
1493 2709 1605 2745 unico
1637 2719 1779 2754 genere

244 2780 387 2813 tantum
434 2777 611 2826 cognitis,
656 2788 728 2814 nec
772 2777 820 2813 de
864 2778 962 2826 jure,
994 2788 1071 2824 quo
1103 2777 1272 2814 membra
1319 2776 1466 2814 familiae
1498 2775 1544 2811 ita
1577 2774 1778 2820 conjuncta

246 2842 398 2892 fuerint,
426 2843 599 2889 judicare
632 2844 754 2894 liceat,
787 2855 859 2880 nec
892 2845 1016 2881 forsan
1049 2845 1096 2880 de
1128 2844 1371 2881 affinitatibus
1403 2842 1548 2879 familia¹
1582 2841 1779 2877 benedis-

246 2912 409 2957 putetur.
469 2911 714 2962 Opinionem,
746 2922 857 2960 quam
893 2911 928 2948 in
961 2911 1204 2960 ‹xystocarpiis
1238 2909 1484 2957 Poyssonoliae
1516 2908 1779 2946 describendis
