<?xml version="1.0" encoding="UTF-8"?>
<!DOCTYPE html PUBLIC "-//W3C//DTD XHTML 1.0 Transitional//EN"
    "http://www.w3.org/TR/xhtml1/DTD/xhtml1-transitional.dtd">
<html xmlns="http://www.w3.org/1999/xhtml" xml:lang="en" lang="en">
 <head>
  <title>
</title>
<meta http-equiv="Content-Type" content="text/html;charset=utf-8" />
  <meta name='ocr-system' content='tesseract 3.04.00' />
  <meta name='ocr-capabilities' content='ocr_page ocr_carea ocr_par ocr_line ocrx_word'/>
</head>
<body>
  <div class='ocr_page' id='page_1' title='image "./speciesgeneraeto0202agar/speciesgeneraeto0202agar_0202.png"; bbox 0 0 1895 3208; ppageno 0'>
   <div class='ocr_carea' id='block_1_1' title="bbox 263 154 1803 215">
    <p class='ocr_par' dir='ltr' id='par_1_1' title="bbox 263 154 1803 215">
     <span class='ocr_line' id='line_1_1' title="bbox 263 154 1803 215; baseline -0.004 -10"><span class='ocrx_word' id='word_1_1' title='bbox 263 166 358 205; x_wconf 66' lang='lat'>514</span> <span class='ocrx_word' id='word_1_2' title='bbox 667 162 909 203; x_wconf 74' lang='lat' dir='ltr'>ConALLiNEAE</span> <span class='ocrx_word' id='word_1_3' title='bbox 931 159 1108 215; x_wconf 76' lang='lat' dir='ltr'>(Aucron.</span> <span class='ocrx_word' id='word_1_4' title='bbox 1130 155 1378 215; x_wconf 64' lang='lat' dir='ltr'>ARESCH.)</span> <span class='ocrx_word' id='word_1_5' title='bbox 1563 154 1803 200; x_wconf 74' lang='lat' dir='ltr'>Melobese‘a.</span> 
     </span>
    </p>
   </div>
   <div class='ocr_carea' id='block_1_2' title="bbox 260 289 1808 1783">
    <p class='ocr_par' dir='ltr' id='par_1_2' title="bbox 264 289 1805 757">
     <span class='ocr_line' id='line_1_2' title="bbox 264 289 1800 338; baseline -0.006 -3"><span class='ocrx_word' id='word_1_6' title='bbox 264 298 297 334; x_wconf 88' lang='grc'>6.</span> <span class='ocrx_word' id='word_1_7' title='bbox 330 300 374 335; x_wconf 84' lang='lat' dir='ltr'>M.</span> <span class='ocrx_word' id='word_1_8' title='bbox 409 299 545 334; x_wconf 67' lang='lat' dir='ltr'>PATENA</span> <span class='ocrx_word' id='word_1_9' title='bbox 579 292 719 338; x_wconf 76' lang='lat' dir='ltr'>(Ilook.</span> <span class='ocrx_word' id='word_1_10' title='bbox 758 291 814 338; x_wconf 79' lang='lat' dir='ltr'>fic.</span> <span class='ocrx_word' id='word_1_11' title='bbox 855 295 894 329; x_wconf 79' lang='lat' dir='ltr'>ec</span> <span class='ocrx_word' id='word_1_12' title='bbox 933 290 1054 328; x_wconf 85' lang='lat' dir='ltr'>Harv.</span> <span class='ocrx_word' id='word_1_13' title='bbox 1094 292 1136 328; x_wconf 78' lang='lat' dir='ltr'>in</span> <span class='ocrx_word' id='word_1_14' title='bbox 1182 290 1278 328; x_wconf 84' lang='lat' dir='ltr'>Ner.</span> <span class='ocrx_word' id='word_1_15' title='bbox 1315 294 1444 327; x_wconf 80' lang='lat' dir='ltr'>auslr.</span> <span class='ocrx_word' id='word_1_16' title='bbox 1474 301 1512 338; x_wconf 84' lang='lat' dir='ltr'>p.</span> <span class='ocrx_word' id='word_1_17' title='bbox 1550 289 1563 327; x_wconf 82' lang='grc'>4</span> <span class='ocrx_word' id='word_1_18' title='bbox 1579 290 1619 327; x_wconf 90' lang='grc'>44</span> <span class='ocrx_word' id='word_1_19' title='bbox 1657 294 1681 328; x_wconf 85' lang='lat' dir='ltr'>t.</span> <span class='ocrx_word' id='word_1_20' title='bbox 1715 290 1800 336; x_wconf 81' lang='lat' dir='ltr'>XL]</span> 
     </span>
     <span class='ocr_line' id='line_1_3' title="bbox 372 358 1804 408; baseline -0.003 -10"><span class='ocrx_word' id='word_1_21' title='bbox 372 362 578 400; x_wconf 78' lang='lat' dir='ltr'>canalicula</span> <span class='ocrx_word' id='word_1_22' title='bbox 611 361 754 408; x_wconf 75' lang='lat' dir='ltr'>paginae</span> <span class='ocrx_word' id='word_1_23' title='bbox 787 359 984 398; x_wconf 77' lang='lat' dir='ltr'>inferioris</span> <span class='ocrx_word' id='word_1_24' title='bbox 1015 359 1163 407; x_wconf 77' lang='lat' dir='ltr'>adnata,</span> <span class='ocrx_word' id='word_1_25' title='bbox 1196 358 1333 397; x_wconf 80' lang='lat' dir='ltr'>fronde</span> <span class='ocrx_word' id='word_1_26' title='bbox 1365 370 1486 396; x_wconf 80' lang='lat' dir='ltr'>crassa</span> <span class='ocrx_word' id='word_1_27' title='bbox 1515 359 1623 406; x_wconf 76' lang='lat' dir='ltr'>plana</span> <span class='ocrx_word' id='word_1_28' title='bbox 1656 359 1676 394; x_wconf 97' lang='grc' dir='ltr'>Ι.</span> <span class='ocrx_word' id='word_1_29' title='bbox 1709 358 1804 394; x_wconf 70' lang='lat' dir='ltr'>suii-</span> 
     </span>
     <span class='ocr_line' id='line_1_4' title="bbox 373 425 1803 475; baseline -0.002 -11"><span class='ocrx_word' id='word_1_30' title='bbox 373 428 551 465; x_wconf 81' lang='lat' dir='ltr'>unduiata</span> <span class='ocrx_word' id='word_1_31' title='bbox 603 426 1097 473; x_wconf 78' lang='lat' dir='ltr'>obovato-suborbiculari,</span> <span class='ocrx_word' id='word_1_32' title='bbox 1144 426 1362 475; x_wconf 82' lang='lat' dir='ltr'>imbricata,</span> <span class='ocrx_word' id='word_1_33' title='bbox 1406 425 1577 473; x_wconf 72' lang='lat' dir='ltr'>margine</span> <span class='ocrx_word' id='word_1_34' title='bbox 1623 426 1736 473; x_wconf 81' lang='lat' dir='ltr'>piano</span> <span class='ocrx_word' id='word_1_35' title='bbox 1782 425 1803 461; x_wconf 96' lang='grc' dir='ltr'>Ι.</span> 
     </span>
     <span class='ocr_line' id='line_1_5' title="bbox 371 492 1805 545; baseline -0.003 -12"><span class='ocrx_word' id='word_1_36' title='bbox 371 497 592 545; x_wconf 76' lang='lat' dir='ltr'>incrassato,</span> <span class='ocrx_word' id='word_1_37' title='bbox 624 493 843 531; x_wconf 77' lang='lat' dir='ltr'>keramidiis</span> <span class='ocrx_word' id='word_1_38' title='bbox 874 493 1086 542; x_wconf 74' lang='lat' dir='ltr'>perspicuis</span> <span class='ocrx_word' id='word_1_39' title='bbox 1119 492 1414 541; x_wconf 81' lang='lat' dir='ltr'>hemisphaericis</span> <span class='ocrx_word' id='word_1_40' title='bbox 1446 503 1515 541; x_wconf 88' lang='lat' dir='ltr'>per</span> <span class='ocrx_word' id='word_1_41' title='bbox 1546 495 1660 529; x_wconf 83' lang='lat' dir='ltr'>totam</span> <span class='ocrx_word' id='word_1_42' title='bbox 1695 492 1805 528; x_wconf 90' lang='lat' dir='ltr'>sron-</span> 
     </span>
     <span class='ocr_line' id='line_1_6' title="bbox 371 561 795 609; baseline -0.005 -10"><span class='ocrx_word' id='word_1_43' title='bbox 371 563 460 599; x_wconf 84' lang='lat' dir='ltr'>dem</span> <span class='ocrx_word' id='word_1_44' title='bbox 492 561 610 598; x_wconf 90' lang='lat' dir='ltr'>dense</span> <span class='ocrx_word' id='word_1_45' title='bbox 641 561 795 609; x_wconf 79' lang='lat' dir='ltr'>sparsis.</span> 
     </span>
     <span class='ocr_line' id='line_1_7' title="bbox 352 633 1702 679; baseline -0.002 -7"><span class='ocrx_word' id='word_1_46' title='bbox 352 640 367 672; x_wconf 85' lang='lat'>¹?</span> <span class='ocrx_word' id='word_1_47' title='bbox 382 638 574 672; x_wconf 83' lang='lat' dir='ltr'>Melobesia</span> <span class='ocrx_word' id='word_1_48' title='bbox 601 636 838 670; x_wconf 85' lang='lat' dir='ltr'>crassiuscula</span> <span class='ocrx_word' id='word_1_49' title='bbox 866 635 968 670; x_wconf 66' lang='lat' dir='ltr'>lszzez.</span> <span class='ocrx_word' id='word_1_50' title='bbox 996 635 1099 679; x_wconf 77' lang='lat' dir='ltr'>Phyc.</span> <span class='ocrx_word' id='word_1_51' title='bbox 1123 644 1202 679; x_wconf 78' lang='lat' dir='ltr'>yen.</span> <span class='ocrx_word' id='word_1_52' title='bbox 1226 645 1261 678; x_wconf 86' lang='lat' dir='ltr'>p.</span> <span class='ocrx_word' id='word_1_53' title='bbox 1290 635 1356 668; x_wconf 76' lang='lat'>386</span> <span class='ocrx_word' id='word_1_54' title='bbox 1383 636 1416 668; x_wconf 78' lang='lat' dir='ltr'>ec</span> <span class='ocrx_word' id='word_1_55' title='bbox 1440 633 1539 678; x_wconf 76' lang='lat' dir='ltr'>Spec.</span> <span class='ocrx_word' id='word_1_56' title='bbox 1562 644 1597 678; x_wconf 83' lang='lat' dir='ltr'>p.</span> <span class='ocrx_word' id='word_1_57' title='bbox 1625 636 1702 669; x_wconf 76' lang='grc'><strong>696.</strong></span> 
     </span>
     <span class='ocr_line' id='line_1_8' title="bbox 371 706 1803 757; baseline -0.004 -9"><span class='ocrx_word' id='word_1_58' title='bbox 371 711 460 748; x_wconf 84' lang='lat' dir='ltr'>llab.</span> <span class='ocrx_word' id='word_1_59' title='bbox 493 709 642 747; x_wconf 86' lang='lat' dir='ltr'>Geiidio</span> <span class='ocrx_word' id='word_1_60' title='bbox 674 708 922 754; x_wconf 75' lang='lat' dir='ltr'>cartilagineo</span> <span class='ocrx_word' id='word_1_61' title='bbox 956 707 1138 757; x_wconf 78' lang='lat' dir='ltr'>insidens,</span> <span class='ocrx_word' id='word_1_62' title='bbox 1171 707 1208 744; x_wconf 91' lang='lat' dir='ltr'>in</span> <span class='ocrx_word' id='word_1_63' title='bbox 1241 706 1326 744; x_wconf 91' lang='lat' dir='ltr'>sinn</span> <span class='ocrx_word' id='word_1_64' title='bbox 1359 706 1534 744; x_wconf 78' lang='lat' dir='ltr'>&#39;fabulari</span> <span class='ocrx_word' id='word_1_65' title='bbox 1567 711 1653 754; x_wconf 75' lang='lat' dir='ltr'>Cap.</span> <span class='ocrx_word' id='word_1_66' title='bbox 1685 706 1718 743; x_wconf 84' lang='lat' dir='ltr'>b.</span> <span class='ocrx_word' id='word_1_67' title='bbox 1750 718 1803 754; x_wconf 85' lang='lat' dir='ltr'>sp.</span> 
     </span>
    </p>

    <p class='ocr_par' dir='ltr' id='par_1_3' title="bbox 260 773 1803 826">
     <span class='ocr_line' id='line_1_9' title="bbox 260 773 1803 826; baseline -0.004 -9"><span class='ocrx_word' id='word_1_68' title='bbox 260 791 338 817; x_wconf 92' lang='lat' dir='ltr'>non</span> <span class='ocrx_word' id='word_1_69' title='bbox 382 779 664 826; x_wconf 79' lang='lat' dir='ltr'>infrequenter3</span> <span class='ocrx_word' id='word_1_70' title='bbox 695 779 733 812; x_wconf 84' lang='lat' dir='ltr'>et</span> <span class='ocrx_word' id='word_1_71' title='bbox 770 775 814 811; x_wconf 88' lang='lat' dir='ltr'>ad</span> <span class='ocrx_word' id='word_1_72' title='bbox 854 777 995 813; x_wconf 76' lang='lat' dir='ltr'>Novam</span> <span class='ocrx_word' id='word_1_73' title='bbox 1035 774 1276 812; x_wconf 83' lang='lat' dir='ltr'>Zeeiandiain</span> <span class='ocrx_word' id='word_1_74' title='bbox 1308 774 1459 811; x_wconf 76' lang='lat' dir='ltr'>Baitiam</span> <span class='ocrx_word' id='word_1_75' title='bbox 1492 773 1697 810; x_wconf 85' lang='lat' dir='ltr'>investiens</span> <span class='ocrx_word' id='word_1_76' title='bbox 1728 785 1803 812; x_wconf 80' lang='lat' dir='ltr'>sec,</span> 
     </span>
    </p>

    <p class='ocr_par' dir='ltr' id='par_1_4' title="bbox 261 844 831 892">
     <span class='ocr_line' id='line_1_10' title="bbox 261 844 831 892; baseline -0.011 -7"><span class='ocrx_word' id='word_1_77' title='bbox 261 851 364 885; x_wconf 86' lang='lat' dir='ltr'>Harv.</span> <span class='ocrx_word' id='word_1_78' title='bbox 399 847 420 884; x_wconf 89' lang='grc' dir='ltr'>Ι,</span> <span class='ocrx_word' id='word_1_79' title='bbox 453 857 483 883; x_wconf 86' lang='lat' dir='ltr'>e.</span> <span class='ocrx_word' id='word_1_80' title='bbox 516 844 647 891; x_wconf 75' lang='lat' dir='ltr'>(Heri).</span> <span class='ocrx_word' id='word_1_81' title='bbox 679 844 831 892; x_wconf 86' lang='lat' dir='ltr'>propr.)</span> 
     </span>
    </p>

    <p class='ocr_par' dir='ltr' id='par_1_5' title="bbox 260 918 1806 1375">
     <span class='ocr_line' id='line_1_11' title="bbox 354 918 1804 963; baseline -0.003 -8"><span class='ocrx_word' id='word_1_82' title='bbox 354 922 494 963; x_wconf 82' lang='lat' dir='ltr'>Paginae</span> <span class='ocrx_word' id='word_1_83' title='bbox 527 921 703 953; x_wconf 78' lang='lat' dir='ltr'>inferioris</span> <span class='ocrx_word' id='word_1_84' title='bbox 737 919 944 962; x_wconf 80' lang='lat' dir='ltr'>canaliculo,</span> <span class='ocrx_word' id='word_1_85' title='bbox 983 920 1016 951; x_wconf 90' lang='lat' dir='ltr'>in</span> <span class='ocrx_word' id='word_1_86' title='bbox 1053 928 1119 961; x_wconf 86' lang='lat' dir='ltr'>qua</span> <span class='ocrx_word' id='word_1_87' title='bbox 1155 918 1331 952; x_wconf 77' lang='lat' dir='ltr'>detinetur</span> <span class='ocrx_word' id='word_1_88' title='bbox 1365 927 1481 952; x_wconf 86' lang='lat' dir='ltr'>ramus</span> <span class='ocrx_word' id='word_1_89' title='bbox 1509 918 1631 951; x_wconf 82' lang='lat' dir='ltr'>Gelidii</span> <span class='ocrx_word' id='word_1_90' title='bbox 1659 919 1804 952; x_wconf 81' lang='lat' dir='ltr'>cartila-</span> 
     </span>
     <span class='ocr_line' id='line_1_12' title="bbox 262 978 1805 1025; baseline -0.004 -11"><span class='ocrx_word' id='word_1_91' title='bbox 262 983 366 1025; x_wconf 78' lang='lat' dir='ltr'>ginei,</span> <span class='ocrx_word' id='word_1_92' title='bbox 394 981 473 1013; x_wconf 79' lang='lat' dir='ltr'>huic</span> <span class='ocrx_word' id='word_1_93' title='bbox 501 980 640 1012; x_wconf 85' lang='lat' dir='ltr'>adnata.</span> <span class='ocrx_word' id='word_1_94' title='bbox 690 978 810 1022; x_wconf 81' lang='lat' dir='ltr'>Frons,</span> <span class='ocrx_word' id='word_1_95' title='bbox 838 979 966 1011; x_wconf 86' lang='lat' dir='ltr'>eoloris</span> <span class='ocrx_word' id='word_1_96' title='bbox 993 978 1643 1019; x_wconf 78' lang='lat' dir='ltr'>cretaceo-albidiLpurpurascentis,</span> <span class='ocrx_word' id='word_1_97' title='bbox 1668 978 1805 1009; x_wconf 73' lang='lat' dir='ltr'>inmeis</span> 
     </span>
     <span class='ocr_line' id='line_1_13' title="bbox 260 1034 1805 1082; baseline -0.003 -10"><span class='ocrx_word' id='word_1_98' title='bbox 260 1038 517 1082; x_wconf 80' lang='lat' dir='ltr'>speciminibus</span> <span class='ocrx_word' id='word_1_99' title='bbox 545 1039 600 1070; x_wconf 84' lang='lat' dir='ltr'>vix</span> <span class='ocrx_word' id='word_1_100' title='bbox 631 1037 862 1070; x_wconf 75' lang='lat' dir='ltr'>semiunciam</span> <span class='ocrx_word' id='word_1_101' title='bbox 891 1037 1062 1069; x_wconf 82' lang='lat' dir='ltr'>diametro</span> <span class='ocrx_word' id='word_1_102' title='bbox 1091 1045 1236 1078; x_wconf 77' lang='lat' dir='ltr'>aequans</span> <span class='ocrx_word' id='word_1_103' title='bbox 1253 1040 1287 1069; x_wconf 89' lang='lat' dir='ltr'>et</span> <span class='ocrx_word' id='word_1_104' title='bbox 1307 1034 1499 1078; x_wconf 67' lang='lat' dir='ltr'>½-lineam</span> <span class='ocrx_word' id='word_1_105' title='bbox 1516 1036 1658 1068; x_wconf 83' lang='lat' dir='ltr'>circiter</span> <span class='ocrx_word' id='word_1_106' title='bbox 1673 1045 1805 1077; x_wconf 74' lang='lat' dir='ltr'>crassa,</span> 
     </span>
     <span class='ocr_line' id='line_1_14' title="bbox 261 1092 1804 1140; baseline -0.004 -10"><span class='ocrx_word' id='word_1_107' title='bbox 261 1099 414 1140; x_wconf 82' lang='lat' dir='ltr'>eiiiptica</span> <span class='ocrx_word' id='word_1_108' title='bbox 440 1097 462 1129; x_wconf 91' lang='grc'>1.</span> <span class='ocrx_word' id='word_1_109' title='bbox 491 1096 786 1138; x_wconf 82' lang='lat' dir='ltr'>suborbicuiaris,</span> <span class='ocrx_word' id='word_1_110' title='bbox 812 1096 914 1138; x_wconf 81' lang='lat' dir='ltr'>plana</span> <span class='ocrx_word' id='word_1_111' title='bbox 943 1096 1083 1127; x_wconf 89' lang='lat' dir='ltr'>omnino</span> <span class='ocrx_word' id='word_1_112' title='bbox 1113 1095 1133 1127; x_wconf 84' lang='lat'>1.</span> <span class='ocrx_word' id='word_1_113' title='bbox 1159 1095 1237 1136; x_wconf 84' lang='lat' dir='ltr'>pius</span> <span class='ocrx_word' id='word_1_114' title='bbox 1265 1096 1380 1128; x_wconf 83' lang='lat' dir='ltr'>minus</span> <span class='ocrx_word' id='word_1_115' title='bbox 1408 1095 1552 1127; x_wconf 84' lang='lat' dir='ltr'>curvata</span> <span class='ocrx_word' id='word_1_116' title='bbox 1578 1093 1598 1125; x_wconf 95' lang='grc'>1.</span> <span class='ocrx_word' id='word_1_117' title='bbox 1625 1092 1804 1136; x_wconf 82' lang='lat' dir='ltr'>undulata,</span> 
     </span>
     <span class='ocr_line' id='line_1_15' title="bbox 260 1152 1806 1208; baseline -0.002 -19"><span class='ocrx_word' id='word_1_118' title='bbox 260 1165 367 1199; x_wconf 89' lang='lat' dir='ltr'>supra</span> <span class='ocrx_word' id='word_1_119' title='bbox 410 1164 601 1197; x_wconf 83' lang='lat' dir='ltr'>nunquam,</span> <span class='ocrx_word' id='word_1_120' title='bbox 640 1156 809 1196; x_wconf 80' lang='lat' dir='ltr'>quantum</span> <span class='ocrx_word' id='word_1_121' title='bbox 850 1153 952 1185; x_wconf 81' lang='lat' dir='ltr'>nobis</span> <span class='ocrx_word' id='word_1_122' title='bbox 991 1153 1111 1185; x_wconf 76' lang='lat' dir='ltr'>videre</span> <span class='ocrx_word' id='word_1_123' title='bbox 1151 1154 1357 1195; x_wconf 80' lang='lat' dir='ltr'>contigerit,</span> <span class='ocrx_word' id='word_1_124' title='bbox 1396 1152 1806 1208; x_wconf 56' lang='lat' dir='ltr'>lameiloso-imbrieata,</span> 
     </span>
     <span class='ocr_line' id='line_1_16' title="bbox 261 1211 1806 1257; baseline -0.002 -9"><span class='ocrx_word' id='word_1_125' title='bbox 261 1217 418 1257; x_wconf 76' lang='lat' dir='ltr'>margine</span> <span class='ocrx_word' id='word_1_126' title='bbox 445 1214 685 1254; x_wconf 79' lang='lat' dir='ltr'>integerrimo.</span> <span class='ocrx_word' id='word_1_127' title='bbox 740 1212 940 1244; x_wconf 82' lang='lat' dir='ltr'>Keramidia</span> <span class='ocrx_word' id='word_1_128' title='bbox 977 1213 1041 1244; x_wconf 88' lang='lat' dir='ltr'>rite</span> <span class='ocrx_word' id='word_1_129' title='bbox 1068 1213 1207 1245; x_wconf 80' lang='lat' dir='ltr'>evoluta</span> <span class='ocrx_word' id='word_1_130' title='bbox 1233 1221 1393 1255; x_wconf 85' lang='lat' dir='ltr'>poroque</span> <span class='ocrx_word' id='word_1_131' title='bbox 1419 1214 1563 1253; x_wconf 83' lang='lat' dir='ltr'>pertusa</span> <span class='ocrx_word' id='word_1_132' title='bbox 1589 1211 1806 1254; x_wconf 75' lang='lat' dir='ltr'>hemisphae-</span> 
     </span>
     <span class='ocr_line' id='line_1_17' title="bbox 261 1270 1805 1317; baseline -0.001 -11"><span class='ocrx_word' id='word_1_133' title='bbox 261 1276 333 1306; x_wconf 83' lang='lat' dir='ltr'>rica</span> <span class='ocrx_word' id='word_1_134' title='bbox 374 1273 545 1314; x_wconf 84' lang='lat' dir='ltr'>(nondum</span> <span class='ocrx_word' id='word_1_135' title='bbox 575 1272 725 1314; x_wconf 72' lang='lat' dir='ltr'>evoluta,</span> <span class='ocrx_word' id='word_1_136' title='bbox 760 1272 832 1303; x_wconf 81' lang='lat' dir='ltr'>sive</span> <span class='ocrx_word' id='word_1_137' title='bbox 858 1279 1000 1313; x_wconf 87' lang='lat' dir='ltr'>porosa,</span> <span class='ocrx_word' id='word_1_138' title='bbox 1030 1270 1219 1313; x_wconf 80' lang='lat' dir='ltr'>depressa)</span> <span class='ocrx_word' id='word_1_139' title='bbox 1247 1272 1355 1304; x_wconf 83' lang='lat' dir='ltr'>totam</span> <span class='ocrx_word' id='word_1_140' title='bbox 1382 1273 1548 1313; x_wconf 76' lang='lat' dir='ltr'>paginam</span> <span class='ocrx_word' id='word_1_141' title='bbox 1574 1273 1805 1317; x_wconf 82' lang='lat' dir='ltr'>superiorem,</span> 
     </span>
     <span class='ocr_line' id='line_1_18' title="bbox 260 1330 1730 1375; baseline -0.003 -9"><span class='ocrx_word' id='word_1_142' title='bbox 260 1342 319 1366; x_wconf 88' lang='lat' dir='ltr'>ora</span> <span class='ocrx_word' id='word_1_143' title='bbox 348 1333 475 1365; x_wconf 76' lang='lat' dir='ltr'>extima</span> <span class='ocrx_word' id='word_1_144' title='bbox 503 1330 725 1364; x_wconf 80' lang='lat' dir='ltr'>solummodo</span> <span class='ocrx_word' id='word_1_145' title='bbox 753 1333 915 1373; x_wconf 77' lang='lat' dir='ltr'>excepta,</span> <span class='ocrx_word' id='word_1_146' title='bbox 942 1330 1050 1362; x_wconf 87' lang='lat' dir='ltr'>dense</span> <span class='ocrx_word' id='word_1_147' title='bbox 1077 1330 1331 1371; x_wconf 73' lang='lat' dir='ltr'>cooperientia.</span> <span class='ocrx_word' id='word_1_148' title='bbox 1727 1373 1730 1375; x_wconf 17' lang='grc' dir='ltr'><strong>Α</strong></span> 
     </span>
    </p>

    <p class='ocr_par' dir='ltr' id='par_1_6' title="bbox 261 1388 1808 1783">
     <span class='ocr_line' id='line_1_19' title="bbox 354 1388 1808 1432; baseline -0.001 -9"><span class='ocrx_word' id='word_1_149' title='bbox 354 1390 516 1423; x_wconf 76' lang='lat' dir='ltr'>Nostram</span> <span class='ocrx_word' id='word_1_150' title='bbox 544 1399 562 1422; x_wconf 86' lang='lat' dir='ltr'>e</span> <span class='ocrx_word' id='word_1_151' title='bbox 589 1390 710 1432; x_wconf 84' lang='lat' dir='ltr'>Capito</span> <span class='ocrx_word' id='word_1_152' title='bbox 737 1389 770 1422; x_wconf 75' lang='lat' dir='ltr'>b.</span> <span class='ocrx_word' id='word_1_153' title='bbox 798 1390 873 1431; x_wconf 82' lang='lat' dir='ltr'>spei</span> <span class='ocrx_word' id='word_1_154' title='bbox 909 1390 1065 1431; x_wconf 83' lang='lat' dir='ltr'>plantam</span> <span class='ocrx_word' id='word_1_155' title='bbox 1099 1397 1178 1422; x_wconf 83' lang='lat' dir='ltr'>esse</span> <span class='ocrx_word' id='word_1_156' title='bbox 1207 1390 1348 1422; x_wconf 87' lang='lat' dir='ltr'>omnino</span> <span class='ocrx_word' id='word_1_157' title='bbox 1374 1389 1418 1422; x_wconf 90' lang='lat' dir='ltr'>M.</span> <span class='ocrx_word' id='word_1_158' title='bbox 1446 1388 1611 1422; x_wconf 79' lang='lat' dir='ltr'>patenam</span> <span class='ocrx_word' id='word_1_159' title='bbox 1637 1388 1745 1423; x_wconf 82' lang='lat' dir='ltr'>Hook.</span> <span class='ocrx_word' id='word_1_160' title='bbox 1773 1391 1808 1423; x_wconf 83' lang='lat' dir='ltr'>et</span> 
     </span>
     <span class='ocr_line' id='line_1_20' title="bbox 262 1447 1807 1484; baseline -0.002 -1"><span class='ocrx_word' id='word_1_161' title='bbox 262 1450 362 1484; x_wconf 80' lang='lat' dir='ltr'>Harv,</span> <span class='ocrx_word' id='word_1_162' title='bbox 401 1451 504 1482; x_wconf 78' lang='lat' dir='ltr'>nullis</span> <span class='ocrx_word' id='word_1_163' title='bbox 545 1449 661 1482; x_wconf 85' lang='lat' dir='ltr'>dubiis</span> <span class='ocrx_word' id='word_1_164' title='bbox 699 1457 826 1481; x_wconf 78' lang='lat' dir='ltr'>vacare</span> <span class='ocrx_word' id='word_1_165' title='bbox 865 1448 1062 1481; x_wconf 77' lang='lat' dir='ltr'>crederem.</span> <span class='ocrx_word' id='word_1_166' title='bbox 1129 1447 1302 1481; x_wconf 84' lang='lat' dir='ltr'>Frondem</span> <span class='ocrx_word' id='word_1_167' title='bbox 1342 1450 1501 1482; x_wconf 76' lang='lat' dir='ltr'>striatam</span> <span class='ocrx_word' id='word_1_168' title='bbox 1541 1449 1576 1480; x_wconf 86' lang='lat' dir='ltr'>et</span> <span class='ocrx_word' id='word_1_169' title='bbox 1613 1447 1807 1481; x_wconf 85' lang='lat' dir='ltr'>keramidia</span> 
     </span>
     <span class='ocr_line' id='line_1_21' title="bbox 261 1507 1807 1550; baseline -0.001 -9"><span class='ocrx_word' id='word_1_170' title='bbox 261 1510 431 1550; x_wconf 77' lang='lat' dir='ltr'>depressa</span> <span class='ocrx_word' id='word_1_171' title='bbox 458 1518 532 1541; x_wconf 78' lang='lat' dir='ltr'>suae</span> <span class='ocrx_word' id='word_1_172' title='bbox 558 1509 700 1550; x_wconf 76' lang='lat' dir='ltr'>plantae,</span> <span class='ocrx_word' id='word_1_173' title='bbox 729 1509 830 1540; x_wconf 83' lang='lat' dir='ltr'>notas</span> <span class='ocrx_word' id='word_1_174' title='bbox 857 1508 891 1540; x_wconf 93' lang='lat' dir='ltr'>in</span> <span class='ocrx_word' id='word_1_175' title='bbox 919 1510 1059 1540; x_wconf 85' lang='lat' dir='ltr'>nostras</span> <span class='ocrx_word' id='word_1_176' title='bbox 1088 1508 1202 1540; x_wconf 83' lang='lat' dir='ltr'>minus</span> <span class='ocrx_word' id='word_1_177' title='bbox 1229 1507 1319 1540; x_wconf 85' lang='lat' dir='ltr'>bene</span> <span class='ocrx_word' id='word_1_178' title='bbox 1348 1507 1574 1550; x_wconf 73' lang='lat' dir='ltr'>quadrantes,</span> <span class='ocrx_word' id='word_1_179' title='bbox 1602 1507 1807 1549; x_wconf 84' lang='lat' dir='ltr'>adscripse-</span> 
     </span>
     <span class='ocr_line' id='line_1_22' title="bbox 262 1565 1806 1610; baseline -0.001 -11"><span class='ocrx_word' id='word_1_180' title='bbox 262 1568 342 1599; x_wconf 85' lang='lat' dir='ltr'>runt</span> <span class='ocrx_word' id='word_1_181' title='bbox 367 1567 509 1609; x_wconf 81' lang='lat' dir='ltr'>quidem</span> <span class='ocrx_word' id='word_1_182' title='bbox 536 1568 712 1599; x_wconf 77' lang='lat' dir='ltr'>auctores.</span> <span class='ocrx_word' id='word_1_183' title='bbox 764 1565 865 1605; x_wconf 86' lang='lat' dir='ltr'>Quod</span> <span class='ocrx_word' id='word_1_184' title='bbox 892 1567 1007 1599; x_wconf 82' lang='lat' dir='ltr'>autem</span> <span class='ocrx_word' id='word_1_185' title='bbox 1037 1566 1080 1598; x_wconf 85' lang='lat' dir='ltr'>ad</span> <span class='ocrx_word' id='word_1_186' title='bbox 1106 1566 1276 1598; x_wconf 84' lang='lat' dir='ltr'>frondem</span> <span class='ocrx_word' id='word_1_187' title='bbox 1293 1567 1455 1598; x_wconf 86' lang='lat' dir='ltr'>striatam</span> <span class='ocrx_word' id='word_1_188' title='bbox 1479 1567 1644 1610; x_wconf 85' lang='lat' dir='ltr'>pertinet,</span> <span class='ocrx_word' id='word_1_189' title='bbox 1672 1566 1748 1599; x_wconf 81' lang='lat' dir='ltr'>haec</span> <span class='ocrx_word' id='word_1_190' title='bbox 1772 1567 1806 1598; x_wconf 90' lang='lat' dir='ltr'>in</span> 
     </span>
     <span class='ocr_line' id='line_1_23' title="bbox 261 1624 1805 1667; baseline -0.003 -8"><span class='ocrx_word' id='word_1_191' title='bbox 261 1625 425 1659; x_wconf 85' lang='lat' dir='ltr'>omnibus</span> <span class='ocrx_word' id='word_1_192' title='bbox 453 1624 524 1657; x_wconf 83' lang='lat' dir='ltr'>sere</span> <span class='ocrx_word' id='word_1_193' title='bbox 549 1624 752 1657; x_wconf 81' lang='lat' dir='ltr'>Meiobesiae</span> <span class='ocrx_word' id='word_1_194' title='bbox 779 1624 969 1666; x_wconf 76' lang='lat' dir='ltr'>speciebus.</span> <span class='ocrx_word' id='word_1_195' title='bbox 1003 1633 1097 1656; x_wconf 84' lang='lat' dir='ltr'>nunc</span> <span class='ocrx_word' id='word_1_196' title='bbox 1125 1625 1353 1656; x_wconf 86' lang='lat' dir='ltr'>concentrice</span> <span class='ocrx_word' id='word_1_197' title='bbox 1380 1625 1515 1667; x_wconf 83' lang='lat' dir='ltr'>striata,</span> <span class='ocrx_word' id='word_1_198' title='bbox 1542 1632 1636 1657; x_wconf 83' lang='lat' dir='ltr'>nunc</span> <span class='ocrx_word' id='word_1_199' title='bbox 1664 1625 1805 1656; x_wconf 88' lang='lat' dir='ltr'>omnino</span> 
     </span>
     <span class='ocr_line' id='line_1_24' title="bbox 261 1682 1806 1725; baseline -0.003 -8"><span class='ocrx_word' id='word_1_200' title='bbox 261 1686 405 1717; x_wconf 81' lang='lat' dir='ltr'>estriata</span> <span class='ocrx_word' id='word_1_201' title='bbox 433 1683 653 1716; x_wconf 80' lang='lat' dir='ltr'>observatur.</span> <span class='ocrx_word' id='word_1_202' title='bbox 703 1683 979 1725; x_wconf 82' lang='lat' dir='ltr'>Depressionem</span> <span class='ocrx_word' id='word_1_203' title='bbox 1004 1683 1278 1715; x_wconf 84' lang='lat' dir='ltr'>keramidiorum</span> <span class='ocrx_word' id='word_1_204' title='bbox 1304 1684 1399 1716; x_wconf 85' lang='lat' dir='ltr'>aetati</span> <span class='ocrx_word' id='word_1_205' title='bbox 1428 1691 1507 1715; x_wconf 88' lang='lat' dir='ltr'>esse</span> <span class='ocrx_word' id='word_1_206' title='bbox 1524 1682 1806 1724; x_wconf 80' lang='lat' dir='ltr'>adscribendam,</span> 
     </span>
     <span class='ocr_line' id='line_1_25' title="bbox 263 1740 1806 1783; baseline -0.002 -8"><span class='ocrx_word' id='word_1_207' title='bbox 263 1743 364 1775; x_wconf 86' lang='lat' dir='ltr'>nobis</span> <span class='ocrx_word' id='word_1_208' title='bbox 391 1751 600 1783; x_wconf 72' lang='lat' dir='ltr'>persuasum</span> <span class='ocrx_word' id='word_1_209' title='bbox 628 1744 698 1782; x_wconf 66' lang='lat' dir='ltr'>est,</span> <span class='ocrx_word' id='word_1_210' title='bbox 727 1750 770 1773; x_wconf 83' lang='lat' dir='ltr'>ex</span> <span class='ocrx_word' id='word_1_211' title='bbox 802 1742 932 1773; x_wconf 87' lang='lat' dir='ltr'>nostris</span> <span class='ocrx_word' id='word_1_212' title='bbox 973 1742 1065 1773; x_wconf 90' lang='lat' dir='ltr'>enim</span> <span class='ocrx_word' id='word_1_213' title='bbox 1103 1740 1359 1783; x_wconf 79' lang='lat' dir='ltr'>speciminibus</span> <span class='ocrx_word' id='word_1_214' title='bbox 1393 1741 1559 1773; x_wconf 84' lang='lat' dir='ltr'>nonnulla</span> <span class='ocrx_word' id='word_1_215' title='bbox 1587 1740 1718 1773; x_wconf 80' lang='lat' dir='ltr'>liabent</span> <span class='ocrx_word' id='word_1_216' title='bbox 1742 1740 1806 1772; x_wconf 81' lang='lat' dir='ltr'>ke-</span> 
     </span>
    </p>
   </div>
   <div class='ocr_carea' id='block_1_3' title="bbox 261 1799 1806 1903">
    <p class='ocr_par' dir='ltr' id='par_1_7' title="bbox 261 1799 1806 1903">
     <span class='ocr_line' id='line_1_26' title="bbox 263 1799 1806 1843; baseline -0.003 -9"><span class='ocrx_word' id='word_1_217' title='bbox 263 1802 408 1834; x_wconf 74' lang='lat' dir='ltr'>ramidia</span> <span class='ocrx_word' id='word_1_218' title='bbox 450 1802 618 1843; x_wconf 84' lang='lat' dir='ltr'>depressa</span> <span class='ocrx_word' id='word_1_219' title='bbox 658 1800 751 1832; x_wconf 88' lang='lat' dir='ltr'>nullo</span> <span class='ocrx_word' id='word_1_220' title='bbox 791 1800 904 1832; x_wconf 79' lang='lat' dir='ltr'>adhuc</span> <span class='ocrx_word' id='word_1_221' title='bbox 942 1808 1028 1841; x_wconf 89' lang='lat' dir='ltr'>poro</span> <span class='ocrx_word' id='word_1_222' title='bbox 1066 1801 1221 1841; x_wconf 78' lang='lat' dir='ltr'>pertusa,</span> <span class='ocrx_word' id='word_1_223' title='bbox 1250 1799 1315 1831; x_wconf 82' lang='lat' dir='ltr'>alia</span> <span class='ocrx_word' id='word_1_224' title='bbox 1343 1808 1425 1831; x_wconf 82' lang='lat' dir='ltr'>vero</span> <span class='ocrx_word' id='word_1_225' title='bbox 1451 1799 1646 1831; x_wconf 84' lang='lat' dir='ltr'>keramidia</span> <span class='ocrx_word' id='word_1_226' title='bbox 1673 1799 1806 1831; x_wconf 86' lang='lat' dir='ltr'>hemis-</span> 
     </span>
     <span class='ocr_line' id='line_1_27' title="bbox 261 1857 1612 1903; baseline -0.003 -10"><span class='ocrx_word' id='word_1_227' title='bbox 261 1861 427 1903; x_wconf 81' lang='lat' dir='ltr'>piiaerioa,</span> <span class='ocrx_word' id='word_1_228' title='bbox 454 1869 540 1901; x_wconf 90' lang='lat' dir='ltr'>poro</span> <span class='ocrx_word' id='word_1_229' title='bbox 568 1861 724 1900; x_wconf 64' lang='lat' dir='ltr'>pertusa.</span> <span class='ocrx_word' id='word_1_230' title='bbox 776 1857 831 1890; x_wconf 80' lang='lat' dir='ltr'>Illa</span> <span class='ocrx_word' id='word_1_231' title='bbox 859 1858 963 1890; x_wconf 82' lang='lat' dir='ltr'>aetate</span> <span class='ocrx_word' id='word_1_232' title='bbox 988 1858 1138 1901; x_wconf 74' lang='lat' dir='ltr'>juniora,</span> <span class='ocrx_word' id='word_1_233' title='bbox 1167 1857 1242 1891; x_wconf 82' lang='lat' dir='ltr'>liaeo</span> <span class='ocrx_word' id='word_1_234' title='bbox 1270 1865 1351 1890; x_wconf 84' lang='lat' dir='ltr'>vero</span> <span class='ocrx_word' id='word_1_235' title='bbox 1378 1858 1612 1898; x_wconf 81' lang='lat' dir='ltr'>provectiora.</span> 
     </span>
    </p>
   </div>
   <div class='ocr_carea' id='block_1_4' title="bbox 1368 1924 1387 1937">
    <p class='ocr_par' dir='ltr' id='par_1_8' title="bbox 1368 1924 1387 1937">
     <span class='ocr_line' id='line_1_28' title="bbox 1368 1924 1387 1937; baseline 0 0"><span class='ocrx_word' id='word_1_236' title='bbox 1368 1924 1387 1937; x_wconf 43' lang='grc' dir='ltr'><strong>ἢ</strong></span> 
     </span>
    </p>
   </div>
   <div class='ocr_carea' id='block_1_5' title="bbox 262 1972 1806 2227">
    <p class='ocr_par' dir='ltr' id='par_1_9' title="bbox 262 1972 1806 2227">
     <span class='ocr_line' id='line_1_29' title="bbox 262 1972 1806 2022; baseline -0.003 -8"><span class='ocrx_word' id='word_1_237' title='bbox 262 1976 297 2015; x_wconf 91' lang='grc'>7.</span> <span class='ocrx_word' id='word_1_238' title='bbox 330 1981 375 2016; x_wconf 85' lang='grc' dir='ltr'>Μ,</span> <span class='ocrx_word' id='word_1_239' title='bbox 408 1984 625 2013; x_wconf 65' lang='lat' dir='ltr'>AxrAncriCA</span> <span class='ocrx_word' id='word_1_240' title='bbox 658 1974 797 2019; x_wconf 70' lang='lat' dir='ltr'>(Hoolc.</span> <span class='ocrx_word' id='word_1_241' title='bbox 828 1973 884 2020; x_wconf 81' lang='lat' dir='ltr'>fil.</span> <span class='ocrx_word' id='word_1_242' title='bbox 918 1979 956 2012; x_wconf 85' lang='lat' dir='ltr'>ec</span> <span class='ocrx_word' id='word_1_243' title='bbox 987 1975 1106 2012; x_wconf 77' lang='lat' dir='ltr'>Harv.</span> <span class='ocrx_word' id='word_1_244' title='bbox 1139 1976 1181 2011; x_wconf 78' lang='lat' dir='ltr'>in</span> <span class='ocrx_word' id='word_1_245' title='bbox 1213 1973 1307 2012; x_wconf 86' lang='lat' dir='ltr'>Ner.</span> <span class='ocrx_word' id='word_1_246' title='bbox 1333 1978 1517 2022; x_wconf 79' lang='lat' dir='ltr'>auscr.p.</span> <span class='ocrx_word' id='word_1_247' title='bbox 1542 1972 1637 2018; x_wconf 76' lang='grc'>444)</span> <span class='ocrx_word' id='word_1_248' title='bbox 1669 1973 1806 2010; x_wconf 82' lang='lat' dir='ltr'>fronde</span> 
     </span>
     <span class='ocr_line' id='line_1_30' title="bbox 374 2040 1806 2090; baseline -0.001 -10"><span class='ocrx_word' id='word_1_249' title='bbox 374 2041 732 2090; x_wconf 83' lang='lat' dir='ltr'>circumscriptione</span> <span class='ocrx_word' id='word_1_250' title='bbox 773 2041 977 2078; x_wconf 77' lang='lat' dir='ltr'>orbiculari</span> <span class='ocrx_word' id='word_1_251' title='bbox 1017 2041 1155 2088; x_wconf 73' lang='lat' dir='ltr'>lobatn,</span> <span class='ocrx_word' id='word_1_252' title='bbox 1196 2042 1326 2079; x_wconf 86' lang='lat' dir='ltr'>medio</span> <span class='ocrx_word' id='word_1_253' title='bbox 1358 2042 1507 2090; x_wconf 84' lang='lat' dir='ltr'>adnata,</span> <span class='ocrx_word' id='word_1_254' title='bbox 1538 2040 1709 2088; x_wconf 77' lang='lat' dir='ltr'>margine</span> <span class='ocrx_word' id='word_1_255' title='bbox 1743 2040 1806 2078; x_wconf 92' lang='lat' dir='ltr'>in-</span> 
     </span>
     <span class='ocr_line' id='line_1_31' title="bbox 375 2109 1806 2160; baseline -0.003 -11"><span class='ocrx_word' id='word_1_256' title='bbox 375 2111 580 2160; x_wconf 76' lang='lat' dir='ltr'>tegerrima</span> <span class='ocrx_word' id='word_1_257' title='bbox 629 2109 759 2159; x_wconf 85' lang='lat' dir='ltr'>libera,</span> <span class='ocrx_word' id='word_1_258' title='bbox 801 2109 1004 2158; x_wconf 83' lang='lat' dir='ltr'>superficie</span> <span class='ocrx_word' id='word_1_259' title='bbox 1051 2110 1130 2147; x_wconf 78' lang='lat' dir='ltr'>iaevi</span> <span class='ocrx_word' id='word_1_260' title='bbox 1175 2109 1286 2147; x_wconf 81' lang='lat' dir='ltr'>lineis</span> <span class='ocrx_word' id='word_1_261' title='bbox 1318 2109 1572 2147; x_wconf 84' lang='lat' dir='ltr'>concentricis</span> <span class='ocrx_word' id='word_1_262' title='bbox 1613 2109 1806 2159; x_wconf 78' lang='lat' dir='ltr'>undulata,</span> 
     </span>
     <span class='ocr_line' id='line_1_32' title="bbox 375 2177 1146 2227; baseline -0.004 -10"><span class='ocrx_word' id='word_1_263' title='bbox 375 2177 592 2217; x_wconf 86' lang='lat' dir='ltr'>ceramidiis</span> <span class='ocrx_word' id='word_1_264' title='bbox 623 2177 1146 2227; x_wconf 77' lang='lat' dir='ltr'>depresso-liemisphaericis,</span> 
     </span>
    </p>
   </div>
   <div class='ocr_carea' id='block_1_6' title="bbox 355 2263 1777 2309">
    <p class='ocr_par' dir='ltr' id='par_1_10' title="bbox 355 2263 1777 2309">
     <span class='ocr_line' id='line_1_33' title="bbox 355 2263 1777 2309; baseline -0.003 -7"><span class='ocrx_word' id='word_1_265' title='bbox 355 2268 548 2303; x_wconf 80' lang='lat' dir='ltr'>Melobesia</span> <span class='ocrx_word' id='word_1_266' title='bbox 574 2268 757 2300; x_wconf 76' lang='lat' dir='ltr'>verrucata</span> <span class='ocrx_word' id='word_1_267' title='bbox 782 2276 860 2300; x_wconf 79' lang='lat' dir='ltr'>var.</span> <span class='ocrx_word' id='word_1_268' title='bbox 887 2266 1089 2300; x_wconf 78' lang='lat' dir='ltr'>Antarctica</span> <span class='ocrx_word' id='word_1_269' title='bbox 1118 2265 1226 2300; x_wconf 73' lang='lat' dir='ltr'>Hoolc.</span> <span class='ocrx_word' id='word_1_270' title='bbox 1251 2263 1285 2308; x_wconf 79' lang='lat' dir='ltr'>sl.</span> <span class='ocrx_word' id='word_1_271' title='bbox 1313 2264 1430 2309; x_wconf 76' lang='lat' dir='ltr'>Crypt.</span> <span class='ocrx_word' id='word_1_272' title='bbox 1457 2266 1614 2299; x_wconf 71' lang='lat' dir='ltr'>amaret.</span> <span class='ocrx_word' id='word_1_273' title='bbox 1636 2275 1671 2308; x_wconf 82' lang='lat' dir='ltr'>p.</span> <span class='ocrx_word' id='word_1_274' title='bbox 1701 2265 1777 2298; x_wconf 76' lang='lat'>⁴76.</span> 
     </span>
    </p>
   </div>
   <div class='ocr_carea' id='block_1_7' title="bbox 264 2348 1806 2468">
    <p class='ocr_par' dir='ltr' id='par_1_11' title="bbox 264 2348 1806 2468">
     <span class='ocr_line' id='line_1_34' title="bbox 376 2348 1806 2401; baseline -0.002 -13"><span class='ocrx_word' id='word_1_275' title='bbox 376 2351 463 2389; x_wconf 82' lang='lat' dir='ltr'>llab.</span> <span class='ocrx_word' id='word_1_276' title='bbox 495 2352 662 2388; x_wconf 84' lang='lat' dir='ltr'>llermite</span> <span class='ocrx_word' id='word_1_277' title='bbox 695 2351 830 2401; x_wconf 82' lang='lat' dir='ltr'>Isiand,</span> <span class='ocrx_word' id='word_1_278' title='bbox 862 2354 935 2400; x_wconf 83' lang='lat' dir='ltr'>Cap</span> <span class='ocrx_word' id='word_1_279' title='bbox 967 2353 1087 2399; x_wconf 81' lang='lat' dir='ltr'>Horn;</span> <span class='ocrx_word' id='word_1_280' title='bbox 1129 2348 1478 2387; x_wconf 70' lang='lat' dir='ltr'>inlkiand-lslands</span> <span class='ocrx_word' id='word_1_281' title='bbox 1509 2351 1546 2386; x_wconf 85' lang='lat' dir='ltr'>et</span> <span class='ocrx_word' id='word_1_282' title='bbox 1576 2349 1806 2396; x_wconf 76' lang='lat' dir='ltr'>Kergueiens</span> 
     </span>
     <span class='ocr_line' id='line_1_35' title="bbox 264 2418 1429 2468; baseline -0.003 -12"><span class='ocrx_word' id='word_1_283' title='bbox 264 2419 379 2457; x_wconf 79' lang='lat' dir='ltr'>Laud:</span> <span class='ocrx_word' id='word_1_284' title='bbox 412 2419 449 2456; x_wconf 88' lang='lat' dir='ltr'>iu</span> <span class='ocrx_word' id='word_1_285' title='bbox 484 2419 594 2457; x_wconf 71' lang='lat' dir='ltr'>variis</span> <span class='ocrx_word' id='word_1_286' title='bbox 625 2419 721 2467; x_wconf 74' lang='lat' dir='ltr'>Algis</span> <span class='ocrx_word' id='word_1_287' title='bbox 753 2418 944 2468; x_wconf 77' lang='lat' dir='ltr'>praecipue</span> <span class='ocrx_word' id='word_1_288' title='bbox 978 2418 1014 2455; x_wconf 90' lang='lat' dir='ltr'>in</span> <span class='ocrx_word' id='word_1_289' title='bbox 1048 2418 1173 2455; x_wconf 74' lang='lat' dir='ltr'>Bullia.</span> <span class='ocrx_word' id='word_1_290' title='bbox 1206 2421 1310 2455; x_wconf 84' lang='lat' dir='ltr'>Harv.</span> <span class='ocrx_word' id='word_1_291' title='bbox 1342 2418 1365 2455; x_wconf 93' lang='grc'>1.</span> <span class='ocrx_word' id='word_1_292' title='bbox 1398 2428 1429 2454; x_wconf 89' lang='lat' dir='ltr'>c.</span> 
     </span>
    </p>
   </div>
   <div class='ocr_carea' id='block_1_8' title="bbox 265 2503 1806 2798">
    <p class='ocr_par' dir='ltr' id='par_1_12' title="bbox 265 2503 1806 2798">
     <span class='ocr_line' id='line_1_36' title="bbox 356 2503 1806 2551; baseline -0.002 -12"><span class='ocrx_word' id='word_1_293' title='bbox 356 2507 487 2541; x_wconf 79' lang='lat' dir='ltr'>Forsan</span> <span class='ocrx_word' id='word_1_294' title='bbox 513 2507 556 2540; x_wconf 89' lang='lat' dir='ltr'>M.</span> <span class='ocrx_word' id='word_1_295' title='bbox 583 2507 723 2540; x_wconf 80' lang='lat' dir='ltr'>Patenae</span> <span class='ocrx_word' id='word_1_296' title='bbox 750 2508 912 2551; x_wconf 78' lang='lat' dir='ltr'>varietas,</span> <span class='ocrx_word' id='word_1_297' title='bbox 939 2507 1003 2541; x_wconf 85' lang='lat' dir='ltr'>sed</span> <span class='ocrx_word' id='word_1_298' title='bbox 1029 2507 1140 2540; x_wconf 81' lang='lat' dir='ltr'>forma</span> <span class='ocrx_word' id='word_1_299' title='bbox 1166 2508 1281 2540; x_wconf 86' lang='lat' dir='ltr'>minus</span> <span class='ocrx_word' id='word_1_300' title='bbox 1308 2505 1460 2547; x_wconf 79' lang='lat' dir='ltr'>regulari</span> <span class='ocrx_word' id='word_1_301' title='bbox 1483 2506 1664 2547; x_wconf 78' lang='lat' dir='ltr'>magisque</span> <span class='ocrx_word' id='word_1_302' title='bbox 1680 2503 1806 2537; x_wconf 88' lang='lat' dir='ltr'>adnata</span> 
     </span>
     <span class='ocr_line' id='line_1_37' title="bbox 265 2566 800 2608; baseline -0.004 -9"><span class='ocrx_word' id='word_1_303' title='bbox 265 2567 456 2608; x_wconf 77' lang='lat' dir='ltr'>(Descript.</span> <span class='ocrx_word' id='word_1_304' title='bbox 485 2566 585 2598; x_wconf 87' lang='lat' dir='ltr'>llarv.</span> <span class='ocrx_word' id='word_1_305' title='bbox 613 2567 800 2607; x_wconf 76' lang='lat' dir='ltr'>exseript.)</span> 
     </span>
     <span class='ocr_line' id='line_1_38' title="bbox 587 2744 1491 2798; baseline -0.001 -13"><span class='ocrx_word' id='word_1_306' title='bbox 587 2749 620 2786; x_wconf 82' lang='lat' dir='ltr'>h.</span> <span class='ocrx_word' id='word_1_307' title='bbox 652 2747 871 2798; x_wconf 48' lang='grc' dir='ltr'>Βατία-οἶα),</span> <span class='ocrx_word' id='word_1_308' title='bbox 903 2747 1104 2798; x_wconf 73' lang='lat' dir='ltr'>maJores,</span> <span class='ocrx_word' id='word_1_309' title='bbox 1135 2744 1491 2796; x_wconf 73' lang='lat' dir='ltr'>Lecideoeformes.</span> 
     </span>
    </p>
   </div>
   <div class='ocr_carea' id='block_1_9' title="bbox 267 2867 1804 2990">
    <p class='ocr_par' dir='ltr' id='par_1_13' title="bbox 267 2867 1804 2990">
     <span class='ocr_line' id='line_1_39' title="bbox 267 2867 1803 2921; baseline -0.003 -14"><span class='ocrx_word' id='word_1_310' title='bbox 267 2874 300 2909; x_wconf 72' lang='lat'>8.</span> <span class='ocrx_word' id='word_1_311' title='bbox 335 2877 377 2911; x_wconf 82' lang='lat' dir='ltr'>M.</span> <span class='ocrx_word' id='word_1_312' title='bbox 412 2877 635 2910; x_wconf 63' lang='lat' dir='ltr'>Licxoinuxni</span> <span class='ocrx_word' id='word_1_313' title='bbox 670 2873 852 2918; x_wconf 56' lang='lat' dir='ltr'>[Arest-h.</span> <span class='ocrx_word' id='word_1_314' title='bbox 887 2876 1023 2918; x_wconf 80' lang='lat' dir='ltr'>mser.)</span> <span class='ocrx_word' id='word_1_315' title='bbox 1056 2872 1232 2921; x_wconf 71' lang='lat' dir='ltr'>saxicola,</span> <span class='ocrx_word' id='word_1_316' title='bbox 1265 2874 1340 2908; x_wconf 77' lang='lat' dir='ltr'>tota</span> <span class='ocrx_word' id='word_1_317' title='bbox 1371 2870 1503 2919; x_wconf 68' lang='lat' dir='ltr'>pagina</span> <span class='ocrx_word' id='word_1_318' title='bbox 1537 2867 1708 2904; x_wconf 79' lang='lat' dir='ltr'>inferiori</span> <span class='ocrx_word' id='word_1_319' title='bbox 1733 2867 1803 2904; x_wconf 81' lang='lat' dir='ltr'>ad-</span> 
     </span>
     <span class='ocr_line' id='line_1_40' title="bbox 379 2934 1804 2990; baseline -0.004 -14"><span class='ocrx_word' id='word_1_320' title='bbox 379 2943 475 2990; x_wconf 76' lang='lat' dir='ltr'>nutu,</span> <span class='ocrx_word' id='word_1_321' title='bbox 505 2941 640 2977; x_wconf 79' lang='lat' dir='ltr'>fronde</span> <span class='ocrx_word' id='word_1_322' title='bbox 659 2941 937 2978; x_wconf 79' lang='lat' dir='ltr'>suborbiculari</span> <span class='ocrx_word' id='word_1_323' title='bbox 958 2951 1070 2989; x_wconf 77' lang='lat' dir='ltr'>snpra</span> <span class='ocrx_word' id='word_1_324' title='bbox 1089 2940 1300 2977; x_wconf 79' lang='lat' dir='ltr'>arctissime</span> <span class='ocrx_word' id='word_1_325' title='bbox 1317 2934 1804 2986; x_wconf 77' lang='lat' dir='ltr'>squamilluso-imbricata,</span> 
     </span>
    </p>
   </div>
  </div>
 </body>
</html>
