<?xml version="1.0" encoding="UTF-8"?>
<!DOCTYPE html PUBLIC "-//W3C//DTD XHTML 1.0 Transitional//EN"
    "http://www.w3.org/TR/xhtml1/DTD/xhtml1-transitional.dtd">
<html xmlns="http://www.w3.org/1999/xhtml" xml:lang="en" lang="en">
 <head>
  <title>
</title>
<meta http-equiv="Content-Type" content="text/html;charset=utf-8" />
  <meta name='ocr-system' content='tesseract 3.04.00' />
  <meta name='ocr-capabilities' content='ocr_page ocr_carea ocr_par ocr_line ocrx_word'/>
</head>
<body>
  <div class='ocr_page' id='page_1' title='image "./speciesgeneraeto0202agar_0244.png"; bbox 0 0 1895 3208; ppageno 0'>
   <div class='ocr_carea' id='block_1_1' title="bbox 282 124 1808 186">
    <p class='ocr_par' dir='ltr' id='par_1_1' title="bbox 282 124 1808 186">
     <span class='ocr_line' id='line_1_1' title="bbox 282 124 1808 186; baseline -0.008 -6"><span class='ocrx_word' id='word_1_1' title='bbox 282 139 376 180; x_wconf 85' lang='lat'>556</span> <span class='ocrx_word' id='word_1_2' title='bbox 690 131 930 173; x_wconf 72' lang='lat' dir='ltr'>ConAfflNEAE</span> <span class='ocrx_word' id='word_1_3' title='bbox 951 129 1126 185; x_wconf 72' lang='lat' dir='ltr'><strong>(AUCTOR.</strong></span> <span class='ocrx_word' id='word_1_4' title='bbox 1147 125 1393 186; x_wconf 82' lang='lat' dir='ltr'><strong>ARESCH.).</strong></span> <span class='ocrx_word' id='word_1_5' title='bbox 1663 124 1808 169; x_wconf 78' lang='lat' dir='ltr'>Jania.</span> 
     </span>
    </p>
   </div>
   <div class='ocr_carea' id='block_1_2' title="bbox 281 259 1809 600">
    <p class='ocr_par' dir='ltr' id='par_1_2' title="bbox 281 259 1809 600">
     <span class='ocr_line' id='line_1_2' title="bbox 281 259 1807 304; baseline -0.008 -1"><span class='ocrx_word' id='word_1_6' title='bbox 281 268 498 303; x_wconf 81' lang='lat' dir='ltr'>tenuioribus</span> <span class='ocrx_word' id='word_1_7' title='bbox 536 266 630 298; x_wconf 90' lang='lat' dir='ltr'>frons</span> <span class='ocrx_word' id='word_1_8' title='bbox 670 263 761 296; x_wconf 92' lang='lat' dir='ltr'>nudo</span> <span class='ocrx_word' id='word_1_9' title='bbox 799 262 901 295; x_wconf 86' lang='lat' dir='ltr'>oculo</span> <span class='ocrx_word' id='word_1_10' title='bbox 938 261 1016 304; x_wconf 90' lang='lat' dir='ltr'>plus</span> <span class='ocrx_word' id='word_1_11' title='bbox 1056 259 1169 293; x_wconf 87' lang='lat' dir='ltr'>minus</span> <span class='ocrx_word' id='word_1_12' title='bbox 1204 259 1446 293; x_wconf 84' lang='lat' dir='ltr'>moniliformis</span> <span class='ocrx_word' id='word_1_13' title='bbox 1473 261 1628 302; x_wconf 77' lang='lat' dir='ltr'>apparet,</span> <span class='ocrx_word' id='word_1_14' title='bbox 1653 260 1807 300; x_wconf 86' lang='lat' dir='ltr'>longitu-</span> 
     </span>
     <span class='ocr_line' id='line_1_3' title="bbox 281 316 1808 363; baseline -0.008 -3"><span class='ocrx_word' id='word_1_15' title='bbox 281 328 361 361; x_wconf 81' lang='lat' dir='ltr'>dine</span> <span class='ocrx_word' id='word_1_16' title='bbox 400 333 491 359; x_wconf 89' lang='lat' dir='ltr'>nunc</span> <span class='ocrx_word' id='word_1_17' title='bbox 528 323 698 356; x_wconf 82' lang='lat' dir='ltr'>diametro</span> <span class='ocrx_word' id='word_1_18' title='bbox 729 321 928 363; x_wconf 84' lang='lat' dir='ltr'>breviores,</span> <span class='ocrx_word' id='word_1_19' title='bbox 967 327 1059 352; x_wconf 86' lang='lat' dir='ltr'>nunc</span> <span class='ocrx_word' id='word_1_20' title='bbox 1093 327 1203 360; x_wconf 85' lang='lat' dir='ltr'>usque</span> <span class='ocrx_word' id='word_1_21' title='bbox 1235 318 1408 360; x_wconf 87' lang='lat' dir='ltr'>subduplo</span> <span class='ocrx_word' id='word_1_22' title='bbox 1440 318 1628 359; x_wconf 82' lang='lat' dir='ltr'><strong>longiores.</strong></span> <span class='ocrx_word' id='word_1_23' title='bbox 1665 335 1710 341; x_wconf 89' lang='lat'>-—</span> <span class='ocrx_word' id='word_1_24' title='bbox 1747 316 1808 349; x_wconf 85' lang='lat' dir='ltr'>Di-</span> 
     </span>
     <span class='ocr_line' id='line_1_4' title="bbox 281 375 1809 424; baseline -0.006 -8"><span class='ocrx_word' id='word_1_25' title='bbox 281 383 467 417; x_wconf 77' lang='lat' dir='ltr'>cliotomiae</span> <span class='ocrx_word' id='word_1_26' title='bbox 493 381 641 424; x_wconf 80' lang='lat' dir='ltr'>uiumae,</span> <span class='ocrx_word' id='word_1_27' title='bbox 665 381 832 423; x_wconf 83' lang='lat' dir='ltr'>quantum</span> <span class='ocrx_word' id='word_1_28' title='bbox 859 379 1020 421; x_wconf 84' lang='lat' dir='ltr'>vidimus,</span> <span class='ocrx_word' id='word_1_29' title='bbox 1047 377 1132 410; x_wconf 78' lang='lat' dir='ltr'>solae</span> <span class='ocrx_word' id='word_1_30' title='bbox 1157 376 1439 409; x_wconf 76' lang='lat' dir='ltr'>keramidiiferae.</span> <span class='ocrx_word' id='word_1_31' title='bbox 1488 376 1685 409; x_wconf 78' lang='lat' dir='ltr'>Keramidia</span> <span class='ocrx_word' id='word_1_32' title='bbox 1700 375 1809 408; x_wconf 83' lang='lat' dir='ltr'>forma</span> 
     </span>
     <span class='ocr_line' id='line_1_5' title="bbox 281 434 1807 484; baseline -0.006 -10"><span class='ocrx_word' id='word_1_33' title='bbox 281 442 462 484; x_wconf 66' lang='lat' dir='ltr'>variantia,</span> <span class='ocrx_word' id='word_1_34' title='bbox 488 448 580 473; x_wconf 85' lang='lat' dir='ltr'>nunc</span> <span class='ocrx_word' id='word_1_35' title='bbox 607 439 676 472; x_wconf 84' lang='lat' dir='ltr'>fere</span> <span class='ocrx_word' id='word_1_36' title='bbox 703 437 859 480; x_wconf 83' lang='lat' dir='ltr'>globosa,</span> <span class='ocrx_word' id='word_1_37' title='bbox 885 447 978 470; x_wconf 86' lang='lat' dir='ltr'>nunc</span> <span class='ocrx_word' id='word_1_38' title='bbox 1006 437 1169 479; x_wconf 82' lang='lat' dir='ltr'>elliptica,</span> <span class='ocrx_word' id='word_1_39' title='bbox 1196 436 1372 468; x_wconf 76' lang='lat' dir='ltr'>rarissime</span> <span class='ocrx_word' id='word_1_40' title='bbox 1399 434 1700 477; x_wconf 82' lang='lat' dir='ltr'>suburnaeformia,</span> <span class='ocrx_word' id='word_1_41' title='bbox 1722 443 1807 476; x_wconf 89' lang='lat' dir='ltr'>poro</span> 
     </span>
     <span class='ocr_line' id='line_1_6' title="bbox 282 494 1809 542; baseline -0.003 -11"><span class='ocrx_word' id='word_1_42' title='bbox 282 509 376 542; x_wconf 69' lang='lat' dir='ltr'>saepe</span> <span class='ocrx_word' id='word_1_43' title='bbox 402 499 593 541; x_wconf 68' lang='lat' dir='ltr'>producto,</span> <span class='ocrx_word' id='word_1_44' title='bbox 619 507 749 531; x_wconf 84' lang='lat' dir='ltr'>cornua</span> <span class='ocrx_word' id='word_1_45' title='bbox 775 506 878 539; x_wconf 86' lang='lat' dir='ltr'>quam</span> <span class='ocrx_word' id='word_1_46' title='bbox 904 498 938 529; x_wconf 93' lang='lat' dir='ltr'>in</span> <span class='ocrx_word' id='word_1_47' title='bbox 963 495 1063 529; x_wconf 85' lang='lat' dir='ltr'>Jania</span> <span class='ocrx_word' id='word_1_48' title='bbox 1089 495 1226 528; x_wconf 79' lang='lat' dir='ltr'>rubenti</span> <span class='ocrx_word' id='word_1_49' title='bbox 1254 503 1315 536; x_wconf 88' lang='lat' dir='ltr'>pro</span> <span class='ocrx_word' id='word_1_50' title='bbox 1344 503 1438 527; x_wconf 87' lang='lat' dir='ltr'>more</span> <span class='ocrx_word' id='word_1_51' title='bbox 1459 495 1614 534; x_wconf 75' lang='lat' dir='ltr'>longiora</span> <span class='ocrx_word' id='word_1_52' title='bbox 1629 494 1809 536; x_wconf 75' lang='lat' dir='ltr'>magisque</span> 
     </span>
     <span class='ocr_line' id='line_1_7' title="bbox 282 559 787 600; baseline -0.006 -9"><span class='ocrx_word' id='word_1_53' title='bbox 282 559 420 600; x_wconf 82' lang='lat' dir='ltr'>apicem</span> <span class='ocrx_word' id='word_1_54' title='bbox 446 566 568 590; x_wconf 84' lang='lat' dir='ltr'>versus</span> <span class='ocrx_word' id='word_1_55' title='bbox 597 559 787 591; x_wconf 80' lang='lat' dir='ltr'>attenuata.</span> 
     </span>
    </p>
   </div>
   <div class='ocr_carea' id='block_1_3' title="bbox 282 702 1816 1131">
    <p class='ocr_par' dir='ltr' id='par_1_3' title="bbox 282 702 1816 1131">
     <span class='ocr_line' id='line_1_8' title="bbox 282 702 1814 755; baseline -0.005 -9"><span class='ocrx_word' id='word_1_56' title='bbox 282 709 318 748; x_wconf 72' lang='lat'>2.</span> <span class='ocrx_word' id='word_1_57' title='bbox 348 713 376 749; x_wconf 81' lang='lat' dir='ltr'>J.</span> <span class='ocrx_word' id='word_1_58' title='bbox 408 718 564 746; x_wconf 57' lang='lat' dir='ltr'>eiiciricA</span> <span class='ocrx_word' id='word_1_59' title='bbox 598 706 779 752; x_wconf 75' lang='lat' dir='ltr'>(Aresch.</span> <span class='ocrx_word' id='word_1_60' title='bbox 812 710 948 755; x_wconf 77' lang='lat' dir='ltr'>mser.)</span> <span class='ocrx_word' id='word_1_61' title='bbox 983 706 1118 745; x_wconf 79' lang='lat' dir='ltr'>fronde</span> <span class='ocrx_word' id='word_1_62' title='bbox 1142 705 1305 743; x_wconf 80' lang='lat' dir='ltr'>breviori</span> <span class='ocrx_word' id='word_1_63' title='bbox 1323 703 1665 753; x_wconf 81' lang='lat' dir='ltr'>caespitosa,axillis</span> <span class='ocrx_word' id='word_1_64' title='bbox 1683 702 1814 751; x_wconf 84' lang='lat' dir='ltr'>acutis,</span> 
     </span>
     <span class='ocr_line' id='line_1_9' title="bbox 394 777 1812 833; baseline -0.006 -12"><span class='ocrx_word' id='word_1_65' title='bbox 394 784 506 822; x_wconf 87' lang='lat' dir='ltr'>ramis</span> <span class='ocrx_word' id='word_1_66' title='bbox 536 782 759 833; x_wconf 85' lang='lat' dir='ltr'>suberectis,</span> <span class='ocrx_word' id='word_1_67' title='bbox 790 782 957 819; x_wconf 78' lang='lat' dir='ltr'>articulis</span> <span class='ocrx_word' id='word_1_68' title='bbox 988 780 1172 819; x_wconf 88' lang='lat' dir='ltr'>ramiferis</span> <span class='ocrx_word' id='word_1_69' title='bbox 1189 777 1812 829; x_wconf 85' lang='lat' dir='ltr'>subcuneato-clavatis,eramife-</span> 
     </span>
     <span class='ocr_line' id='line_1_10' title="bbox 396 851 1816 906; baseline -0.007 -10"><span class='ocrx_word' id='word_1_70' title='bbox 396 859 445 896; x_wconf 92' lang='lat' dir='ltr'>ris</span> <span class='ocrx_word' id='word_1_71' title='bbox 477 857 738 906; x_wconf 63' lang='lat' dir='ltr'>cylindraceis,</span> <span class='ocrx_word' id='word_1_72' title='bbox 768 856 937 904; x_wconf 90' lang='lat' dir='ltr'>utrisque</span> <span class='ocrx_word' id='word_1_73' title='bbox 968 855 1156 893; x_wconf 87' lang='lat' dir='ltr'>diametro</span> <span class='ocrx_word' id='word_1_74' title='bbox 1186 854 1303 903; x_wconf 84' lang='lat' dir='ltr'>duplo</span> <span class='ocrx_word' id='word_1_75' title='bbox 1324 855 1344 891; x_wconf 95' lang='grc' dir='ltr'>Ι.</span> <span class='ocrx_word' id='word_1_76' title='bbox 1363 852 1547 902; x_wconf 81' lang='lat' dir='ltr'>subtripla</span> <span class='ocrx_word' id='word_1_77' title='bbox 1566 851 1816 900; x_wconf 76' lang='lat' dir='ltr'>longioribus,</span> 
     </span>
     <span class='ocr_line' id='line_1_11' title="bbox 396 927 1814 980; baseline -0.006 -9"><span class='ocrx_word' id='word_1_78' title='bbox 396 932 637 971; x_wconf 81' lang='lat' dir='ltr'>dicliotomiis</span> <span class='ocrx_word' id='word_1_79' title='bbox 667 932 804 969; x_wconf 87' lang='lat' dir='ltr'>mediis</span> <span class='ocrx_word' id='word_1_80' title='bbox 836 931 1053 980; x_wconf 79' lang='lat' dir='ltr'>ultimisque</span> <span class='ocrx_word' id='word_1_81' title='bbox 1086 928 1390 978; x_wconf 80' lang='lat' dir='ltr'>keramidiiferis,</span> <span class='ocrx_word' id='word_1_82' title='bbox 1426 927 1642 965; x_wconf 83' lang='lat' dir='ltr'>keramidiis</span> <span class='ocrx_word' id='word_1_83' title='bbox 1686 937 1814 963; x_wconf 84' lang='lat' dir='ltr'>urnae-</span> 
     </span>
     <span class='ocr_line' id='line_1_12' title="bbox 397 1000 1816 1056; baseline -0.006 -10"><span class='ocrx_word' id='word_1_84' title='bbox 397 1008 580 1046; x_wconf 85' lang='lat' dir='ltr'>sormibus</span> <span class='ocrx_word' id='word_1_85' title='bbox 626 1006 857 1056; x_wconf 79' lang='lat' dir='ltr'>compressis</span> <span class='ocrx_word' id='word_1_86' title='bbox 902 1006 1080 1054; x_wconf 81' lang='lat' dir='ltr'>utrinque</span> <span class='ocrx_word' id='word_1_87' title='bbox 1133 1002 1420 1042; x_wconf 87' lang='lat' dir='ltr'>subauriculatis</span> <span class='ocrx_word' id='word_1_88' title='bbox 1464 1013 1560 1052; x_wconf 87' lang='lat' dir='ltr'>poro</span> <span class='ocrx_word' id='word_1_89' title='bbox 1607 1000 1816 1050; x_wconf 88' lang='lat' dir='ltr'>producto,</span> 
     </span>
     <span class='ocr_line' id='line_1_13' title="bbox 395 1080 950 1131; baseline -0.005 -11"><span class='ocrx_word' id='word_1_90' title='bbox 395 1083 576 1122; x_wconf 81' lang='lat' dir='ltr'>cornibus</span> <span class='ocrx_word' id='word_1_91' title='bbox 607 1080 950 1131; x_wconf 66' lang='lat' dir='ltr'>subsequi-crassis,</span> 
     </span>
    </p>
   </div>
   <div class='ocr_carea' id='block_1_4' title="bbox 287 1165 1818 1300">
    <p class='ocr_par' dir='ltr' id='par_1_4' title="bbox 287 1165 1818 1300">
     <span class='ocr_line' id='line_1_14' title="bbox 395 1165 1818 1222; baseline -0.007 -10"><span class='ocrx_word' id='word_1_92' title='bbox 395 1175 483 1212; x_wconf 82' lang='lat' dir='ltr'>Ilab.</span> <span class='ocrx_word' id='word_1_93' title='bbox 515 1174 552 1212; x_wconf 92' lang='lat' dir='ltr'>in</span> <span class='ocrx_word' id='word_1_94' title='bbox 584 1173 675 1211; x_wconf 86' lang='lat' dir='ltr'>mari</span> <span class='ocrx_word' id='word_1_95' title='bbox 708 1172 864 1222; x_wconf 82' lang='lat' dir='ltr'>pacifico</span> <span class='ocrx_word' id='word_1_96' title='bbox 895 1171 939 1209; x_wconf 84' lang='lat' dir='ltr'>ad</span> <span class='ocrx_word' id='word_1_97' title='bbox 972 1182 1076 1208; x_wconf 86' lang='lat' dir='ltr'>oram</span> <span class='ocrx_word' id='word_1_98' title='bbox 1108 1169 1336 1209; x_wconf 76' lang='lat' dir='ltr'>Mexicanam</span> <span class='ocrx_word' id='word_1_99' title='bbox 1369 1179 1490 1218; x_wconf 89' lang='lat' dir='ltr'>prope</span> <span class='ocrx_word' id='word_1_100' title='bbox 1520 1167 1702 1205; x_wconf 85' lang='lat' dir='ltr'>Guatulco</span> <span class='ocrx_word' id='word_1_101' title='bbox 1728 1165 1818 1214; x_wconf 78' lang='lat' dir='ltr'>legit</span> 
     </span>
     <span class='ocr_line' id='line_1_15' title="bbox 287 1246 1068 1300; baseline -0.006 -11"><span class='ocrx_word' id='word_1_102' title='bbox 287 1251 364 1289; x_wconf 81' lang='lat' dir='ltr'>Cel.</span> <span class='ocrx_word' id='word_1_103' title='bbox 396 1251 585 1300; x_wconf 76' lang='lat' dir='ltr'>Liebman,</span> <span class='ocrx_word' id='word_1_104' title='bbox 616 1249 680 1299; x_wconf 84' lang='lat' dir='ltr'>qui</span> <span class='ocrx_word' id='word_1_105' title='bbox 711 1248 918 1297; x_wconf 83' lang='lat' dir='ltr'>specimina</span> <span class='ocrx_word' id='word_1_106' title='bbox 950 1246 1068 1284; x_wconf 85' lang='lat' dir='ltr'>dedit.</span> 
     </span>
    </p>
   </div>
   <div class='ocr_carea' id='block_1_5' title="bbox 286 1332 1824 2024">
    <p class='ocr_par' dir='ltr' id='par_1_5' title="bbox 286 1332 1824 2024">
     <span class='ocr_line' id='line_1_16' title="bbox 381 1332 1821 1380; baseline -0.007 -7"><span class='ocrx_word' id='word_1_107' title='bbox 381 1340 489 1372; x_wconf 83' lang='lat' dir='ltr'>Frons</span> <span class='ocrx_word' id='word_1_108' title='bbox 522 1339 663 1372; x_wconf 84' lang='lat' dir='ltr'>circiter</span> <span class='ocrx_word' id='word_1_109' title='bbox 698 1338 878 1380; x_wconf 71' lang='lat' dir='ltr'>polliceris</span> <span class='ocrx_word' id='word_1_110' title='bbox 904 1336 926 1369; x_wconf 89' lang='lat' dir='ltr'>l.</span> <span class='ocrx_word' id='word_1_111' title='bbox 955 1335 1071 1368; x_wconf 80' lang='lat' dir='ltr'>forsan</span> <span class='ocrx_word' id='word_1_112' title='bbox 1098 1333 1273 1367; x_wconf 68' lang='lat' dir='ltr'>interdum</span> <span class='ocrx_word' id='word_1_113' title='bbox 1300 1333 1411 1377; x_wconf 85' lang='lat' dir='ltr'>altior,</span> <span class='ocrx_word' id='word_1_114' title='bbox 1437 1334 1472 1366; x_wconf 92' lang='lat' dir='ltr'>in</span> <span class='ocrx_word' id='word_1_115' title='bbox 1498 1333 1625 1366; x_wconf 79' lang='lat' dir='ltr'>nostris</span> <span class='ocrx_word' id='word_1_116' title='bbox 1652 1332 1821 1374; x_wconf 87' lang='lat' dir='ltr'>specimi-</span> 
     </span>
     <span class='ocr_line' id='line_1_17' title="bbox 286 1391 1821 1438; baseline -0.006 -7"><span class='ocrx_word' id='word_1_117' title='bbox 286 1397 390 1432; x_wconf 84' lang='lat' dir='ltr'>nibus</span> <span class='ocrx_word' id='word_1_118' title='bbox 434 1397 561 1431; x_wconf 87' lang='lat' dir='ltr'>coloris</span> <span class='ocrx_word' id='word_1_119' title='bbox 599 1395 921 1438; x_wconf 80' lang='lat' dir='ltr'>virescenti-rubri,</span> <span class='ocrx_word' id='word_1_120' title='bbox 959 1395 1143 1435; x_wconf 76' lang='lat' dir='ltr'>insigniter</span> <span class='ocrx_word' id='word_1_121' title='bbox 1177 1393 1377 1435; x_wconf 79' lang='lat' dir='ltr'>caespitosa.</span> <span class='ocrx_word' id='word_1_122' title='bbox 1431 1391 1528 1425; x_wconf 85' lang='lat' dir='ltr'>Rami</span> <span class='ocrx_word' id='word_1_123' title='bbox 1561 1394 1636 1424; x_wconf 84' lang='lat' dir='ltr'>seta</span> <span class='ocrx_word' id='word_1_124' title='bbox 1674 1391 1821 1433; x_wconf 82' lang='lat' dir='ltr'>porcina</span> 
     </span>
     <span class='ocr_line' id='line_1_18' title="bbox 288 1450 1820 1500; baseline -0.006 -9"><span class='ocrx_word' id='word_1_125' title='bbox 288 1467 411 1500; x_wconf 86' lang='lat' dir='ltr'>parum</span> <span class='ocrx_word' id='word_1_126' title='bbox 445 1459 649 1496; x_wconf 79' lang='lat' dir='ltr'>crassiores,</span> <span class='ocrx_word' id='word_1_127' title='bbox 683 1456 793 1496; x_wconf 87' lang='lat' dir='ltr'>magis</span> <span class='ocrx_word' id='word_1_128' title='bbox 831 1462 934 1497; x_wconf 87' lang='lat' dir='ltr'>quam</span> <span class='ocrx_word' id='word_1_129' title='bbox 969 1454 1001 1486; x_wconf 93' lang='lat' dir='ltr'>in</span> <span class='ocrx_word' id='word_1_130' title='bbox 1036 1453 1142 1494; x_wconf 86' lang='lat' dir='ltr'>priori</span> <span class='ocrx_word' id='word_1_131' title='bbox 1174 1452 1294 1493; x_wconf 84' lang='lat' dir='ltr'>specie</span> <span class='ocrx_word' id='word_1_132' title='bbox 1328 1452 1448 1494; x_wconf 81' lang='lat' dir='ltr'>erecti,</span> <span class='ocrx_word' id='word_1_133' title='bbox 1481 1451 1573 1484; x_wconf 61' lang='lat' dir='ltr'>uncle</span> <span class='ocrx_word' id='word_1_134' title='bbox 1601 1450 1713 1483; x_wconf 76' lang='lat' dir='ltr'>axillae</span> <span class='ocrx_word' id='word_1_135' title='bbox 1740 1459 1820 1482; x_wconf 84' lang='lat' dir='ltr'>vere</span> 
     </span>
     <span class='ocr_line' id='line_1_19' title="bbox 289 1508 1820 1557; baseline -0.006 -9"><span class='ocrx_word' id='word_1_136' title='bbox 289 1519 415 1550; x_wconf 75' lang='lat' dir='ltr'>acutae.</span> <span class='ocrx_word' id='word_1_137' title='bbox 478 1516 622 1550; x_wconf 76' lang='lat' dir='ltr'>Articuli</span> <span class='ocrx_word' id='word_1_138' title='bbox 661 1523 724 1557; x_wconf 86' lang='lat' dir='ltr'>per</span> <span class='ocrx_word' id='word_1_139' title='bbox 760 1516 867 1547; x_wconf 74' lang='lat' dir='ltr'>totam</span> <span class='ocrx_word' id='word_1_140' title='bbox 907 1512 1065 1544; x_wconf 83' lang='lat' dir='ltr'>frondem</span> <span class='ocrx_word' id='word_1_141' title='bbox 1092 1510 1248 1553; x_wconf 76' lang='lat' dir='ltr'>ejusdem</span> <span class='ocrx_word' id='word_1_142' title='bbox 1274 1509 1480 1553; x_wconf 76' lang='lat' dir='ltr'>latitudinis,</span> <span class='ocrx_word' id='word_1_143' title='bbox 1507 1511 1540 1542; x_wconf 91' lang='lat' dir='ltr'>in</span> <span class='ocrx_word' id='word_1_144' title='bbox 1567 1508 1820 1552; x_wconf 78' lang='lat' dir='ltr'>speciminibus</span> 
     </span>
     <span class='ocr_line' id='line_1_20' title="bbox 290 1567 1821 1614; baseline -0.007 -5"><span class='ocrx_word' id='word_1_145' title='bbox 290 1577 440 1608; x_wconf 83' lang='lat' dir='ltr'>maxime</span> <span class='ocrx_word' id='word_1_146' title='bbox 473 1575 621 1607; x_wconf 86' lang='lat' dir='ltr'>evolutis</span> <span class='ocrx_word' id='word_1_147' title='bbox 655 1574 825 1606; x_wconf 76' lang='lat' dir='ltr'>diametro</span> <span class='ocrx_word' id='word_1_148' title='bbox 858 1572 939 1614; x_wconf 64' lang='lat' dir='ltr'>⁶zplo</span> <span class='ocrx_word' id='word_1_149' title='bbox 972 1571 1159 1613; x_wconf 71' lang='lat' dir='ltr'>longiores,</span> <span class='ocrx_word' id='word_1_150' title='bbox 1188 1568 1248 1601; x_wconf 86' lang='lat' dir='ltr'>sed</span> <span class='ocrx_word' id='word_1_151' title='bbox 1276 1568 1308 1601; x_wconf 86' lang='lat' dir='ltr'>iu</span> <span class='ocrx_word' id='word_1_152' title='bbox 1335 1568 1509 1601; x_wconf 88' lang='lat' dir='ltr'>nonnullis</span> <span class='ocrx_word' id='word_1_153' title='bbox 1536 1567 1684 1600; x_wconf 86' lang='lat' dir='ltr'>eundem</span> <span class='ocrx_word' id='word_1_154' title='bbox 1708 1576 1821 1609; x_wconf 84' lang='lat' dir='ltr'>usque</span> 
     </span>
     <span class='ocr_line' id='line_1_21' title="bbox 290 1627 1821 1675; baseline -0.007 -8"><span class='ocrx_word' id='word_1_155' title='bbox 290 1634 369 1675; x_wconf 86' lang='lat' dir='ltr'>3plo</span> <span class='ocrx_word' id='word_1_156' title='bbox 408 1633 624 1673; x_wconf 80' lang='lat' dir='ltr'>longitudine</span> <span class='ocrx_word' id='word_1_157' title='bbox 662 1633 882 1674; x_wconf 69' lang='lat' dir='ltr'>superantes,</span> <span class='ocrx_word' id='word_1_158' title='bbox 922 1629 1073 1662; x_wconf 84' lang='lat' dir='ltr'>ramiferi</span> <span class='ocrx_word' id='word_1_159' title='bbox 1107 1628 1185 1670; x_wconf 84' lang='lat' dir='ltr'>plus</span> <span class='ocrx_word' id='word_1_160' title='bbox 1224 1628 1337 1660; x_wconf 86' lang='lat' dir='ltr'>minus</span> <span class='ocrx_word' id='word_1_161' title='bbox 1367 1628 1504 1660; x_wconf 87' lang='lat' dir='ltr'>cuneati</span> <span class='ocrx_word' id='word_1_162' title='bbox 1530 1628 1552 1660; x_wconf 93' lang='lat' dir='ltr'>l.</span> <span class='ocrx_word' id='word_1_163' title='bbox 1579 1627 1716 1668; x_wconf 77' lang='lat' dir='ltr'>clavati,</span> <span class='ocrx_word' id='word_1_164' title='bbox 1743 1634 1821 1658; x_wconf 92' lang='lat' dir='ltr'>era-</span> 
     </span>
     <span class='ocr_line' id='line_1_22' title="bbox 291 1685 1822 1734; baseline -0.005 -10"><span class='ocrx_word' id='word_1_165' title='bbox 291 1692 403 1725; x_wconf 88' lang='lat' dir='ltr'>miferi</span> <span class='ocrx_word' id='word_1_166' title='bbox 445 1693 585 1726; x_wconf 90' lang='lat' dir='ltr'>omnino</span> <span class='ocrx_word' id='word_1_167' title='bbox 625 1691 848 1734; x_wconf 74' lang='lat' dir='ltr'>cylinslracei.</span> <span class='ocrx_word' id='word_1_168' title='bbox 910 1688 1140 1730; x_wconf 73' lang='lat' dir='ltr'>Dicliotpmiae</span> <span class='ocrx_word' id='word_1_169' title='bbox 1179 1689 1264 1720; x_wconf 83' lang='lat' dir='ltr'>satis</span> <span class='ocrx_word' id='word_1_170' title='bbox 1304 1685 1457 1726; x_wconf 65' lang='lat' dir='ltr'>crebrae,</span> <span class='ocrx_word' id='word_1_171' title='bbox 1494 1694 1615 1718; x_wconf 82' lang='lat' dir='ltr'>ornnes</span> <span class='ocrx_word' id='word_1_172' title='bbox 1654 1694 1672 1717; x_wconf 90' lang='lat' dir='ltr'>a</span> <span class='ocrx_word' id='word_1_173' title='bbox 1708 1685 1822 1717; x_wconf 84' lang='lat' dir='ltr'>media</span> 
     </span>
     <span class='ocr_line' id='line_1_23' title="bbox 292 1743 1823 1794; baseline -0.006 -10"><span class='ocrx_word' id='word_1_174' title='bbox 292 1752 413 1784; x_wconf 85' lang='lat' dir='ltr'>fronde</span> <span class='ocrx_word' id='word_1_175' title='bbox 453 1760 563 1794; x_wconf 79' lang='lat' dir='ltr'>usque</span> <span class='ocrx_word' id='word_1_176' title='bbox 602 1753 635 1784; x_wconf 91' lang='lat' dir='ltr'>in</span> <span class='ocrx_word' id='word_1_177' title='bbox 675 1750 749 1792; x_wconf 78' lang='lat' dir='ltr'>ejus</span> <span class='ocrx_word' id='word_1_178' title='bbox 789 1751 924 1792; x_wconf 84' lang='lat' dir='ltr'>apicem</span> <span class='ocrx_word' id='word_1_179' title='bbox 950 1746 1219 1781; x_wconf 71' lang='lat' dir='ltr'>keramidiiferze</span> <span class='ocrx_word' id='word_1_180' title='bbox 1246 1746 1301 1787; x_wconf 85' lang='lat' dir='ltr'>(et</span> <span class='ocrx_word' id='word_1_181' title='bbox 1325 1745 1390 1777; x_wconf 86' lang='lat' dir='ltr'>hac</span> <span class='ocrx_word' id='word_1_182' title='bbox 1416 1746 1450 1777; x_wconf 91' lang='lat' dir='ltr'>in</span> <span class='ocrx_word' id='word_1_183' title='bbox 1478 1754 1514 1777; x_wconf 90' lang='lat' dir='ltr'>re</span> <span class='ocrx_word' id='word_1_184' title='bbox 1541 1745 1583 1777; x_wconf 83' lang='lat' dir='ltr'>ad</span> <span class='ocrx_word' id='word_1_185' title='bbox 1609 1744 1638 1776; x_wconf 87' lang='lat' dir='ltr'>J.</span> <span class='ocrx_word' id='word_1_186' title='bbox 1666 1743 1823 1777; x_wconf 80' lang='lat' dir='ltr'>rubentis</span> 
     </span>
     <span class='ocr_line' id='line_1_24' title="bbox 293 1801 1823 1853; baseline -0.007 -9"><span class='ocrx_word' id='word_1_187' title='bbox 293 1811 438 1844; x_wconf 89' lang='lat' dir='ltr'>formam</span> <span class='ocrx_word' id='word_1_188' title='bbox 465 1809 753 1853; x_wconf 79' lang='lat' dir='ltr'>spermoplioram</span> <span class='ocrx_word' id='word_1_189' title='bbox 781 1807 1038 1851; x_wconf 80' lang='lat' dir='ltr'>quodammodo</span> <span class='ocrx_word' id='word_1_190' title='bbox 1066 1806 1270 1846; x_wconf 80' lang='lat' dir='ltr'>accedens).</span> <span class='ocrx_word' id='word_1_191' title='bbox 1323 1803 1520 1837; x_wconf 83' lang='lat' dir='ltr'>Keramidia</span> <span class='ocrx_word' id='word_1_192' title='bbox 1547 1812 1648 1846; x_wconf 87' lang='lat' dir='ltr'>quam</span> <span class='ocrx_word' id='word_1_193' title='bbox 1672 1803 1705 1835; x_wconf 92' lang='lat' dir='ltr'>in</span> <span class='ocrx_word' id='word_1_194' title='bbox 1725 1801 1823 1835; x_wconf 87' lang='lat' dir='ltr'>Jania</span> 
     </span>
     <span class='ocr_line' id='line_1_25' title="bbox 293 1861 1822 1910; baseline -0.007 -7"><span class='ocrx_word' id='word_1_195' title='bbox 293 1871 430 1903; x_wconf 81' lang='lat' dir='ltr'>rubenti</span> <span class='ocrx_word' id='word_1_196' title='bbox 460 1870 570 1910; x_wconf 88' lang='lat' dir='ltr'>magis</span> <span class='ocrx_word' id='word_1_197' title='bbox 597 1876 814 1910; x_wconf 85' lang='lat' dir='ltr'>compressa,</span> <span class='ocrx_word' id='word_1_198' title='bbox 842 1867 1004 1908; x_wconf 81' lang='lat' dir='ltr'>utrinque</span> <span class='ocrx_word' id='word_1_199' title='bbox 1030 1864 1303 1906; x_wconf 83' lang='lat' dir='ltr'>subauriculata,</span> <span class='ocrx_word' id='word_1_200' title='bbox 1330 1871 1415 1905; x_wconf 86' lang='lat' dir='ltr'>poro</span> <span class='ocrx_word' id='word_1_201' title='bbox 1441 1863 1625 1903; x_wconf 84' lang='lat' dir='ltr'>insigniter</span> <span class='ocrx_word' id='word_1_202' title='bbox 1639 1861 1822 1904; x_wconf 83' lang='lat' dir='ltr'>producto,</span> 
     </span>
     <span class='ocr_line' id='line_1_26' title="bbox 293 1921 1824 1970; baseline -0.006 -10"><span class='ocrx_word' id='word_1_203' title='bbox 293 1936 457 1970; x_wconf 80' lang='lat' dir='ltr'>suprema</span> <span class='ocrx_word' id='word_1_204' title='bbox 490 1926 656 1959; x_wconf 89' lang='lat' dir='ltr'>cornibus</span> <span class='ocrx_word' id='word_1_205' title='bbox 690 1924 910 1967; x_wconf 80' lang='lat' dir='ltr'>simplicibus</span> <span class='ocrx_word' id='word_1_206' title='bbox 938 1924 1067 1966; x_wconf 81' lang='lat' dir='ltr'>ubique</span> <span class='ocrx_word' id='word_1_207' title='bbox 1094 1923 1251 1965; x_wconf 85' lang='lat' dir='ltr'>ejusdem</span> <span class='ocrx_word' id='word_1_208' title='bbox 1279 1921 1350 1954; x_wconf 85' lang='lat' dir='ltr'>fere</span> <span class='ocrx_word' id='word_1_209' title='bbox 1376 1921 1562 1964; x_wconf 81' lang='lat' dir='ltr'>crassitiei,</span> <span class='ocrx_word' id='word_1_210' title='bbox 1589 1921 1689 1962; x_wconf 84' lang='lat' dir='ltr'>apice</span> <span class='ocrx_word' id='word_1_211' title='bbox 1715 1921 1824 1952; x_wconf 89' lang='lat' dir='ltr'>inter-</span> 
     </span>
     <span class='ocr_line' id='line_1_27' title="bbox 294 1983 1015 2024; baseline -0.006 -5"><span class='ocrx_word' id='word_1_212' title='bbox 294 1986 375 2020; x_wconf 87' lang='lat' dir='ltr'>dum</span> <span class='ocrx_word' id='word_1_213' title='bbox 401 1986 593 2018; x_wconf 84' lang='lat' dir='ltr'>keramidia</span> <span class='ocrx_word' id='word_1_214' title='bbox 619 1985 773 2017; x_wconf 82' lang='lat' dir='ltr'>solitaria</span> <span class='ocrx_word' id='word_1_215' title='bbox 800 1983 1015 2024; x_wconf 72' lang='lat' dir='ltr'>gerentibus.</span> 
     </span>
    </p>
   </div>
   <div class='ocr_carea' id='block_1_6' title="bbox 296 2061 1827 2285">
    <p class='ocr_par' dir='ltr' id='par_1_6' title="bbox 296 2061 1827 2285">
     <span class='ocr_line' id='line_1_28' title="bbox 387 2061 1824 2108; baseline -0.004 -9"><span class='ocrx_word' id='word_1_216' title='bbox 387 2066 497 2100; x_wconf 57' lang='lat' dir='ltr'>„tanim</span> <span class='ocrx_word' id='word_1_217' title='bbox 523 2067 659 2099; x_wconf 80' lang='lat' dir='ltr'>rubenti</span> <span class='ocrx_word' id='word_1_218' title='bbox 687 2065 786 2099; x_wconf 86' lang='lat' dir='ltr'>valde</span> <span class='ocrx_word' id='word_1_219' title='bbox 813 2065 954 2108; x_wconf 85' lang='lat' dir='ltr'>quidem</span> <span class='ocrx_word' id='word_1_220' title='bbox 980 2066 1034 2097; x_wconf 81' lang='lat' dir='ltr'>est</span> <span class='ocrx_word' id='word_1_221' title='bbox 1061 2063 1188 2105; x_wconf 82' lang='lat' dir='ltr'>affinis,</span> <span class='ocrx_word' id='word_1_222' title='bbox 1213 2062 1275 2096; x_wconf 85' lang='lat' dir='ltr'>sed</span> <span class='ocrx_word' id='word_1_223' title='bbox 1303 2070 1369 2094; x_wconf 80' lang='lat' dir='ltr'>non</span> <span class='ocrx_word' id='word_1_224' title='bbox 1396 2062 1508 2094; x_wconf 87' lang='lat' dir='ltr'>solum</span> <span class='ocrx_word' id='word_1_225' title='bbox 1535 2061 1690 2094; x_wconf 84' lang='lat' dir='ltr'>articulis</span> <span class='ocrx_word' id='word_1_226' title='bbox 1717 2062 1824 2094; x_wconf 87' lang='lat' dir='ltr'>multo</span> 
     </span>
     <span class='ocr_line' id='line_1_29' title="bbox 296 2119 1826 2163; baseline -0.005 -4"><span class='ocrx_word' id='word_1_227' title='bbox 296 2125 517 2159; x_wconf 87' lang='lat' dir='ltr'>brevioribus</span> <span class='ocrx_word' id='word_1_228' title='bbox 543 2134 663 2158; x_wconf 86' lang='lat' dir='ltr'>verum</span> <span class='ocrx_word' id='word_1_229' title='bbox 689 2126 794 2158; x_wconf 85' lang='lat' dir='ltr'>etiam</span> <span class='ocrx_word' id='word_1_230' title='bbox 819 2124 1091 2156; x_wconf 83' lang='lat' dir='ltr'>keramidiorum</span> <span class='ocrx_word' id='word_1_231' title='bbox 1118 2122 1226 2155; x_wconf 86' lang='lat' dir='ltr'>forma</span> <span class='ocrx_word' id='word_1_232' title='bbox 1254 2129 1445 2163; x_wconf 85' lang='lat' dir='ltr'>eorumque</span> <span class='ocrx_word' id='word_1_233' title='bbox 1470 2121 1504 2153; x_wconf 86' lang='lat' dir='ltr'>in</span> <span class='ocrx_word' id='word_1_234' title='bbox 1533 2119 1694 2153; x_wconf 89' lang='lat' dir='ltr'>omnibus</span> <span class='ocrx_word' id='word_1_235' title='bbox 1720 2129 1826 2161; x_wconf 87' lang='lat' dir='ltr'>supra</span> 
     </span>
     <span class='ocr_line' id='line_1_30' title="bbox 297 2178 1827 2225; baseline -0.005 -7"><span class='ocrx_word' id='word_1_236' title='bbox 297 2185 446 2219; x_wconf 83' lang='lat' dir='ltr'>mediam</span> <span class='ocrx_word' id='word_1_237' title='bbox 489 2184 647 2217; x_wconf 86' lang='lat' dir='ltr'>frondem</span> <span class='ocrx_word' id='word_1_238' title='bbox 689 2183 912 2216; x_wconf 80' lang='lat' dir='ltr'>dichotomiis</span> <span class='ocrx_word' id='word_1_239' title='bbox 950 2183 1122 2225; x_wconf 84' lang='lat' dir='ltr'>proventu</span> <span class='ocrx_word' id='word_1_240' title='bbox 1162 2180 1204 2213; x_wconf 82' lang='lat' dir='ltr'>ab</span> <span class='ocrx_word' id='word_1_241' title='bbox 1242 2179 1364 2212; x_wconf 82' lang='lat' dir='ltr'>eadem</span> <span class='ocrx_word' id='word_1_242' title='bbox 1395 2180 1441 2212; x_wconf 85' lang='lat' dir='ltr'>ita</span> <span class='ocrx_word' id='word_1_243' title='bbox 1468 2178 1589 2212; x_wconf 80' lang='lat' dir='ltr'>differe</span> <span class='ocrx_word' id='word_1_244' title='bbox 1616 2179 1762 2221; x_wconf 77' lang='lat' dir='ltr'>videtur,</span> <span class='ocrx_word' id='word_1_245' title='bbox 1789 2181 1827 2211; x_wconf 81' lang='lat' dir='ltr'>ut</span> 
     </span>
     <span class='ocr_line' id='line_1_31' title="bbox 298 2243 754 2285; baseline -0.004 -8"><span class='ocrx_word' id='word_1_246' title='bbox 298 2245 512 2285; x_wconf 78' lang='lat' dir='ltr'>distinguere</span> <span class='ocrx_word' id='word_1_247' title='bbox 538 2244 584 2276; x_wconf 76' lang='lat' dir='ltr'>sit</span> <span class='ocrx_word' id='word_1_248' title='bbox 609 2243 754 2275; x_wconf 83' lang='lat' dir='ltr'>licitum.</span> 
     </span>
    </p>
   </div>
   <div class='ocr_carea' id='block_1_7' title="bbox 299 2385 1827 2740">
    <p class='ocr_par' dir='ltr' id='par_1_7' title="bbox 299 2385 1827 2740">
     <span class='ocr_line' id='line_1_32' title="bbox 299 2385 1826 2439; baseline -0.007 -7"><span class='ocrx_word' id='word_1_249' title='bbox 299 2394 333 2434; x_wconf 90' lang='lat'>3.</span> <span class='ocrx_word' id='word_1_250' title='bbox 365 2399 392 2433; x_wconf 80' lang='grc'>,1.</span> <span class='ocrx_word' id='word_1_251' title='bbox 424 2404 628 2432; x_wconf 72' lang='lat' dir='ltr'>FAS&#39;rlGlATA</span> <span class='ocrx_word' id='word_1_252' title='bbox 671 2394 810 2439; x_wconf 82' lang='lat' dir='ltr'>(Harv.</span> <span class='ocrx_word' id='word_1_253' title='bbox 851 2391 944 2430; x_wconf 84' lang='lat' dir='ltr'>Ner.</span> <span class='ocrx_word' id='word_1_254' title='bbox 983 2394 1113 2429; x_wconf 77' lang='lat' dir='ltr'>austr.</span> <span class='ocrx_word' id='word_1_255' title='bbox 1147 2401 1183 2438; x_wconf 87' lang='lat' dir='ltr'>p.</span> <span class='ocrx_word' id='word_1_256' title='bbox 1229 2386 1324 2436; x_wconf 74' lang='lat'>407)</span> <span class='ocrx_word' id='word_1_257' title='bbox 1356 2388 1490 2426; x_wconf 86' lang='lat' dir='ltr'>fronde</span> <span class='ocrx_word' id='word_1_258' title='bbox 1521 2388 1615 2425; x_wconf 86' lang='lat' dir='ltr'>elata</span> <span class='ocrx_word' id='word_1_259' title='bbox 1646 2385 1826 2434; x_wconf 73' lang='lat' dir='ltr'>fastigiata</span> 
     </span>
     <span class='ocr_line' id='line_1_33' title="bbox 409 2460 1827 2516; baseline -0.008 -9"><span class='ocrx_word' id='word_1_260' title='bbox 409 2470 628 2508; x_wconf 78' lang='lat' dir='ltr'>dichotoma</span> <span class='ocrx_word' id='word_1_261' title='bbox 674 2469 792 2507; x_wconf 72' lang='lat' dir='ltr'>axillis</span> <span class='ocrx_word' id='word_1_262' title='bbox 836 2466 1074 2516; x_wconf 83' lang='lat' dir='ltr'>acutissimis,</span> <span class='ocrx_word' id='word_1_263' title='bbox 1120 2464 1234 2502; x_wconf 88' lang='lat' dir='ltr'>ramis</span> <span class='ocrx_word' id='word_1_264' title='bbox 1278 2464 1414 2502; x_wconf 81' lang='lat' dir='ltr'>strictis</span> <span class='ocrx_word' id='word_1_265' title='bbox 1459 2460 1616 2510; x_wconf 76' lang='lat' dir='ltr'>erectis,</span> <span class='ocrx_word' id='word_1_266' title='bbox 1660 2460 1827 2510; x_wconf 85' lang='lat' dir='ltr'>apicibus</span> 
     </span>
     <span class='ocr_line' id='line_1_34' title="bbox 410 2536 1826 2595; baseline -0.008 -13"><span class='ocrx_word' id='word_1_267' title='bbox 410 2544 632 2595; x_wconf 78' lang='lat' dir='ltr'>subinflatis,</span> <span class='ocrx_word' id='word_1_268' title='bbox 663 2543 830 2581; x_wconf 80' lang='lat' dir='ltr'>articulis</span> <span class='ocrx_word' id='word_1_269' title='bbox 862 2541 1037 2579; x_wconf 90' lang='lat' dir='ltr'>omnibus</span> <span class='ocrx_word' id='word_1_270' title='bbox 1068 2539 1329 2588; x_wconf 68' lang='lat' dir='ltr'>cylindraceis,</span> <span class='ocrx_word' id='word_1_271' title='bbox 1360 2536 1496 2574; x_wconf 82' lang='lat' dir='ltr'>infimis</span> <span class='ocrx_word' id='word_1_272' title='bbox 1526 2536 1712 2573; x_wconf 83' lang='lat' dir='ltr'>diametro</span> <span class='ocrx_word' id='word_1_273' title='bbox 1742 2545 1826 2571; x_wconf 85' lang='lat' dir='ltr'>ses-</span> 
     </span>
     <span class='ocr_line' id='line_1_35' title="bbox 411 2607 1827 2669; baseline -0.008 -14"><span class='ocrx_word' id='word_1_274' title='bbox 411 2618 729 2669; x_wconf 73' lang='lat' dir='ltr'>quilongioribus,</span> <span class='ocrx_word' id='word_1_275' title='bbox 760 2616 1023 2665; x_wconf 84' lang='lat' dir='ltr'>superioribus</span> <span class='ocrx_word' id='word_1_276' title='bbox 1054 2615 1169 2664; x_wconf 83' lang='lat' dir='ltr'>duplo</span> <span class='ocrx_word' id='word_1_277' title='bbox 1189 2615 1209 2652; x_wconf 94' lang='grc' dir='ltr'>Ι.</span> <span class='ocrx_word' id='word_1_278' title='bbox 1227 2612 1410 2661; x_wconf 85' lang='lat' dir='ltr'>subtriplo</span> <span class='ocrx_word' id='word_1_279' title='bbox 1444 2609 1692 2658; x_wconf 80' lang='lat' dir='ltr'>longioribus,</span> <span class='ocrx_word' id='word_1_280' title='bbox 1716 2607 1827 2655; x_wconf 75' lang='lat' dir='ltr'>geni-</span> 
     </span>
     <span class='ocr_line' id='line_1_36' title="bbox 414 2680 1827 2740; baseline -0.01 -9"><span class='ocrx_word' id='word_1_281' title='bbox 414 2694 506 2731; x_wconf 89' lang='lat' dir='ltr'>culis</span> <span class='ocrx_word' id='word_1_282' title='bbox 547 2692 771 2740; x_wconf 79' lang='lat' dir='ltr'>consu-ictis,</span> <span class='ocrx_word' id='word_1_283' title='bbox 814 2690 1030 2729; x_wconf 79' lang='lat' dir='ltr'>keramidiis</span> <span class='ocrx_word' id='word_1_284' title='bbox 1062 2688 1322 2726; x_wconf 87' lang='lat' dir='ltr'>terminalibus</span> <span class='ocrx_word' id='word_1_285' title='bbox 1353 2685 1574 2734; x_wconf 76' lang='lat' dir='ltr'>longissime</span> <span class='ocrx_word' id='word_1_286' title='bbox 1605 2680 1827 2719; x_wconf 84' lang='lat' dir='ltr'>antennutis.</span> 
     </span>
    </p>
   </div>
   <div class='ocr_carea' id='block_1_8' title="bbox 415 2778 1482 2831">
    <p class='ocr_par' dir='ltr' id='par_1_8' title="bbox 415 2778 1482 2831">
     <span class='ocr_line' id='line_1_37' title="bbox 415 2778 1482 2831; baseline -0.007 -9"><span class='ocrx_word' id='word_1_287' title='bbox 415 2784 500 2822; x_wconf 80' lang='lat' dir='ltr'>llab.</span> <span class='ocrx_word' id='word_1_288' title='bbox 534 2784 570 2821; x_wconf 94' lang='lat' dir='ltr'>in</span> <span class='ocrx_word' id='word_1_289' title='bbox 601 2783 684 2821; x_wconf 85' lang='lat' dir='ltr'>sinu</span> <span class='ocrx_word' id='word_1_290' title='bbox 717 2784 827 2831; x_wconf 72' lang='lat' dir='ltr'>Algoa</span> <span class='ocrx_word' id='word_1_291' title='bbox 858 2778 988 2820; x_wconf 65' lang='lat' dir='ltr'>Asi-iem</span> <span class='ocrx_word' id='word_1_292' title='bbox 1020 2779 1190 2819; x_wconf 81' lang='lat' dir='ltr'>australis</span> <span class='ocrx_word' id='word_1_293' title='bbox 1222 2779 1344 2826; x_wconf 87' lang='lat' dir='ltr'>(llarv.</span> <span class='ocrx_word' id='word_1_294' title='bbox 1377 2778 1398 2814; x_wconf 93' lang='grc' dir='ltr'>Ι.</span> <span class='ocrx_word' id='word_1_295' title='bbox 1432 2778 1482 2823; x_wconf 90' lang='lat' dir='ltr'>c.)</span> 
     </span>
    </p>
   </div>
   <div class='ocr_carea' id='block_1_9' title="bbox 307 2863 1829 2974">
    <p class='ocr_par' dir='ltr' id='par_1_9' title="bbox 307 2863 1829 2974">
     <span class='ocr_line' id='line_1_38' title="bbox 398 2863 1828 2914; baseline -0.01 -8"><span class='ocrx_word' id='word_1_296' title='bbox 398 2873 505 2906; x_wconf 87' lang='lat' dir='ltr'>Frons</span> <span class='ocrx_word' id='word_1_297' title='bbox 520 2872 786 2914; x_wconf 70' lang='lat' dir='ltr'>¹2-3-pollicaris</span> <span class='ocrx_word' id='word_1_298' title='bbox 801 2870 946 2913; x_wconf 86' lang='lat' dir='ltr'>pulchre</span> <span class='ocrx_word' id='word_1_299' title='bbox 962 2870 1162 2912; x_wconf 74' lang='lat' dir='ltr'>coespitosa,</span> <span class='ocrx_word' id='word_1_300' title='bbox 1179 2868 1364 2908; x_wconf 76' lang='lat' dir='ltr'>fastigiata.</span> <span class='ocrx_word' id='word_1_301' title='bbox 1391 2865 1505 2897; x_wconf 87' lang='lat' dir='ltr'>Caulis</span> <span class='ocrx_word' id='word_1_302' title='bbox 1520 2863 1629 2895; x_wconf 82' lang='lat' dir='ltr'>setam</span> <span class='ocrx_word' id='word_1_303' title='bbox 1648 2863 1828 2903; x_wconf 88' lang='lat' dir='ltr'>porcinam</span> 
     </span>
     <span class='ocr_line' id='line_1_39' title="bbox 307 2920 1829 2974; baseline -0.007 -13"><span class='ocrx_word' id='word_1_304' title='bbox 307 2940 458 2974; x_wconf 82' lang='lat' dir='ltr'>crassus,</span> <span class='ocrx_word' id='word_1_305' title='bbox 486 2931 655 2963; x_wconf 77' lang='lat' dir='ltr'>diametro</span> <span class='ocrx_word' id='word_1_306' title='bbox 675 2929 803 2970; x_wconf 82' lang='lat' dir='ltr'>ubique</span> <span class='ocrx_word' id='word_1_307' title='bbox 828 2928 1033 2971; x_wconf 72' lang='lat' dir='ltr'>suboequali,</span> <span class='ocrx_word' id='word_1_308' title='bbox 1056 2927 1204 2968; x_wconf 79' lang='lat' dir='ltr'>repetite</span> <span class='ocrx_word' id='word_1_309' title='bbox 1218 2925 1450 2966; x_wconf 66' lang='lat' dir='ltr'>dicllotomus,</span> <span class='ocrx_word' id='word_1_310' title='bbox 1466 2920 1686 2954; x_wconf 83' lang='lat' dir='ltr'>dichotomiis</span> <span class='ocrx_word' id='word_1_311' title='bbox 1703 2920 1829 2952; x_wconf 85' lang='lat' dir='ltr'>crectis</span> 
     </span>
    </p>
   </div>
  </div>
 </body>
</html>
