<?xml version="1.0" encoding="UTF-8"?>
<!DOCTYPE html PUBLIC "-//W3C//DTD XHTML 1.0 Transitional//EN"
    "http://www.w3.org/TR/xhtml1/DTD/xhtml1-transitional.dtd">
<html xmlns="http://www.w3.org/1999/xhtml" xml:lang="en" lang="en">
 <head>
  <title>
</title>
<meta http-equiv="Content-Type" content="text/html;charset=utf-8" />
  <meta name='ocr-system' content='tesseract 3.04.00' />
  <meta name='ocr-capabilities' content='ocr_page ocr_carea ocr_par ocr_line ocrx_word'/>
</head>
<body>
  <div class='ocr_page' id='page_1' title='image "./speciesgeneraeto0202agar_0214.png"; bbox 0 0 1895 3208; ppageno 0'>
   <div class='ocr_carea' id='block_1_1' title="bbox 259 170 1800 229">
    <p class='ocr_par' dir='ltr' id='par_1_1' title="bbox 259 170 1800 229">
     <span class='ocr_line' id='line_1_1' title="bbox 259 170 1800 229; baseline -0.005 -10"><span class='ocrx_word' id='word_1_1' title='bbox 259 182 353 219; x_wconf 78' lang='lat'>526</span> <span class='ocrx_word' id='word_1_2' title='bbox 666 177 907 216; x_wconf 66' lang='lat' dir='ltr'>commum</span> <span class='ocrx_word' id='word_1_3' title='bbox 928 176 1106 229; x_wconf 72' lang='lat' dir='ltr'>(AUCTOR.</span> <span class='ocrx_word' id='word_1_4' title='bbox 1127 170 1376 225; x_wconf 85' lang='lat' dir='ltr'>ARESCH.).</span> <span class='ocrx_word' id='word_1_5' title='bbox 1511 170 1800 228; x_wconf 76' lang='lat' dir='ltr'>Mastophora.</span> 
     </span>
    </p>
   </div>
   <div class='ocr_carea' id='block_1_2' title="bbox 248 303 1803 1938">
    <p class='ocr_par' dir='ltr' id='par_1_2' title="bbox 252 303 1803 884">
     <span class='ocr_line' id='line_1_2' title="bbox 257 303 1801 354; baseline -0.003 -10"><span class='ocrx_word' id='word_1_6' title='bbox 257 309 490 354; x_wconf 78' lang='lat' dir='ltr'>caulescens,</span> <span class='ocrx_word' id='word_1_7' title='bbox 521 315 688 353; x_wconf 85' lang='lat' dir='ltr'>superne</span> <span class='ocrx_word' id='word_1_8' title='bbox 721 303 880 341; x_wconf 77' lang='lat' dir='ltr'>soliacea</span> <span class='ocrx_word' id='word_1_9' title='bbox 913 306 950 339; x_wconf 89' lang='lat' dir='ltr'>et</span> <span class='ocrx_word' id='word_1_10' title='bbox 980 311 1100 340; x_wconf 90' lang='lat' dir='ltr'>nervo</span> <span class='ocrx_word' id='word_1_11' title='bbox 1129 323 1185 329; x_wconf 89' lang='lat'>—</span> <span class='ocrx_word' id='word_1_12' title='bbox 1215 303 1239 339; x_wconf 92' lang='lat' dir='ltr'>i.</span> <span class='ocrx_word' id='word_1_13' title='bbox 1273 314 1305 340; x_wconf 88' lang='lat' dir='ltr'>e.</span> <span class='ocrx_word' id='word_1_14' title='bbox 1336 303 1462 351; x_wconf 82' lang='lat' dir='ltr'><strong>stipite</strong></span> <span class='ocrx_word' id='word_1_15' title='bbox 1493 307 1724 352; x_wconf 88' lang='lat' dir='ltr'>percurente</span> <span class='ocrx_word' id='word_1_16' title='bbox 1750 325 1801 330; x_wconf 79' lang='lat'>-——</span> 
     </span>
     <span class='ocr_line' id='line_1_3' title="bbox 255 369 1801 423; baseline -0.003 -13"><span class='ocrx_word' id='word_1_17' title='bbox 255 375 339 423; x_wconf 87' lang='lat' dir='ltr'>plus</span> <span class='ocrx_word' id='word_1_18' title='bbox 370 375 494 410; x_wconf 85' lang='lat' dir='ltr'>minus</span> <span class='ocrx_word' id='word_1_19' title='bbox 526 371 694 408; x_wconf 86' lang='lat' dir='ltr'>evidenti</span> <span class='ocrx_word' id='word_1_20' title='bbox 726 373 872 419; x_wconf 82' lang='lat' dir='ltr'>ornata,</span> <span class='ocrx_word' id='word_1_21' title='bbox 903 373 1050 419; x_wconf 75' lang='lat' dir='ltr'>zonata,</span> <span class='ocrx_word' id='word_1_22' title='bbox 1090 380 1285 417; x_wconf 84' lang='lat' dir='ltr'>nunquam</span> <span class='ocrx_word' id='word_1_23' title='bbox 1317 369 1540 419; x_wconf 79' lang='lat' dir='ltr'>orbiculata,</span> <span class='ocrx_word' id='word_1_24' title='bbox 1571 381 1801 418; x_wconf 83' lang='lat' dir='ltr'>quamquam</span> 
     </span>
     <span class='ocr_line' id='line_1_4' title="bbox 254 436 1801 486; baseline -0.003 -9"><span class='ocrx_word' id='word_1_25' title='bbox 254 439 446 477; x_wconf 83' lang='lat' dir='ltr'>interdum</span> <span class='ocrx_word' id='word_1_26' title='bbox 492 437 722 486; x_wconf 80' lang='lat' dir='ltr'>prolificans.</span> <span class='ocrx_word' id='word_1_27' title='bbox 801 436 953 474; x_wconf 84' lang='lat' dir='ltr'>Cellulae</span> <span class='ocrx_word' id='word_1_28' title='bbox 999 447 1147 484; x_wconf 85' lang='lat' dir='ltr'>omnes,</span> <span class='ocrx_word' id='word_1_29' title='bbox 1194 436 1331 484; x_wconf 90' lang='lat' dir='ltr'>quibus</span> <span class='ocrx_word' id='word_1_30' title='bbox 1377 437 1636 486; x_wconf 80' lang='lat' dir='ltr'>componitur,</span> <span class='ocrx_word' id='word_1_31' title='bbox 1684 440 1723 473; x_wconf 90' lang='lat' dir='ltr'>ut</span> <span class='ocrx_word' id='word_1_32' title='bbox 1764 437 1801 473; x_wconf 92' lang='lat' dir='ltr'>in</span> 
     </span>
     <span class='ocr_line' id='line_1_5' title="bbox 254 502 1801 552; baseline -0.001 -10"><span class='ocrx_word' id='word_1_33' title='bbox 254 505 424 543; x_wconf 80' lang='lat' dir='ltr'>Zonuriis</span> <span class='ocrx_word' id='word_1_34' title='bbox 455 525 507 530; x_wconf 89' lang='lat'>—</span> <span class='ocrx_word' id='word_1_35' title='bbox 538 515 655 552; x_wconf 86' lang='lat' dir='ltr'>quare</span> <span class='ocrx_word' id='word_1_36' title='bbox 687 503 802 540; x_wconf 83' lang='lat' dir='ltr'>etiam</span> <span class='ocrx_word' id='word_1_37' title='bbox 833 503 878 540; x_wconf 82' lang='lat' dir='ltr'>ad</span> <span class='ocrx_word' id='word_1_38' title='bbox 911 503 993 539; x_wconf 89' lang='lat' dir='ltr'>illas</span> <span class='ocrx_word' id='word_1_39' title='bbox 1024 502 1132 539; x_wconf 83' lang='lat' dir='ltr'>allata</span> <span class='ocrx_word' id='word_1_40' title='bbox 1164 502 1233 539; x_wconf 86' lang='lat' dir='ltr'>suit</span> <span class='ocrx_word' id='word_1_41' title='bbox 1264 513 1336 539; x_wconf 83' lang='lat' dir='ltr'>una</span> <span class='ocrx_word' id='word_1_42' title='bbox 1369 504 1391 542; x_wconf 93' lang='lat' dir='ltr'>l.</span> <span class='ocrx_word' id='word_1_43' title='bbox 1423 504 1539 540; x_wconf 85' lang='lat' dir='ltr'>altera</span> <span class='ocrx_word' id='word_1_44' title='bbox 1570 504 1718 552; x_wconf 82' lang='lat' dir='ltr'>speeies</span> <span class='ocrx_word' id='word_1_45' title='bbox 1751 523 1801 529; x_wconf 88' lang='lat'>—</span> 
     </span>
     <span class='ocr_line' id='line_1_6' title="bbox 254 569 1803 617; baseline -0.001 -9"><span class='ocrx_word' id='word_1_46' title='bbox 254 571 469 608; x_wconf 79' lang='lat' dir='ltr'>subcubicae</span> <span class='ocrx_word' id='word_1_47' title='bbox 515 574 552 607; x_wconf 89' lang='lat' dir='ltr'>et</span> <span class='ocrx_word' id='word_1_48' title='bbox 592 570 765 607; x_wconf 73' lang='lat' dir='ltr'>radiatim</span> <span class='ocrx_word' id='word_1_49' title='bbox 810 569 1017 617; x_wconf 82' lang='lat' dir='ltr'>dispositae‚</span> <span class='ocrx_word' id='word_1_50' title='bbox 1063 569 1322 616; x_wconf 83' lang='lat' dir='ltr'>superficiales</span> <span class='ocrx_word' id='word_1_51' title='bbox 1354 570 1654 607; x_wconf 82' lang='lat' dir='ltr'>endochromate</span> <span class='ocrx_word' id='word_1_52' title='bbox 1687 569 1803 606; x_wconf 87' lang='lat' dir='ltr'>rubro</span> 
     </span>
     <span class='ocr_line' id='line_1_7' title="bbox 254 636 1803 686; baseline -0.001 -12"><span class='ocrx_word' id='word_1_53' title='bbox 254 638 428 686; x_wconf 79' lang='lat' dir='ltr'>repletae3</span> <span class='ocrx_word' id='word_1_54' title='bbox 462 638 568 686; x_wconf 84' lang='lat' dir='ltr'>plura</span> <span class='ocrx_word' id='word_1_55' title='bbox 601 647 732 673; x_wconf 82' lang='lat' dir='ltr'>earum</span> <span class='ocrx_word' id='word_1_56' title='bbox 763 639 874 673; x_wconf 84' lang='lat' dir='ltr'>strata</span> <span class='ocrx_word' id='word_1_57' title='bbox 908 636 945 672; x_wconf 92' lang='lat' dir='ltr'>in</span> <span class='ocrx_word' id='word_1_58' title='bbox 977 640 1119 672; x_wconf 86' lang='lat' dir='ltr'>costam</span> <span class='ocrx_word' id='word_1_59' title='bbox 1153 636 1236 683; x_wconf 86' lang='lat' dir='ltr'>plus</span> <span class='ocrx_word' id='word_1_60' title='bbox 1268 636 1392 672; x_wconf 88' lang='lat' dir='ltr'>minus</span> <span class='ocrx_word' id='word_1_61' title='bbox 1424 636 1638 673; x_wconf 74' lang='lat' dir='ltr'>evidentem</span> <span class='ocrx_word' id='word_1_62' title='bbox 1673 637 1803 674; x_wconf 87' lang='lat' dir='ltr'>etduo</span> 
     </span>
     <span class='ocr_line' id='line_1_8' title="bbox 254 702 1801 752; baseline 0.001 -13"><span class='ocrx_word' id='word_1_63' title='bbox 254 705 480 752; x_wconf 84' lang='lat' dir='ltr'>plerumque</span> <span class='ocrx_word' id='word_1_64' title='bbox 513 703 549 740; x_wconf 93' lang='lat' dir='ltr'>in</span> <span class='ocrx_word' id='word_1_65' title='bbox 582 703 780 740; x_wconf 82' lang='lat' dir='ltr'>soliaceam</span> <span class='ocrx_word' id='word_1_66' title='bbox 812 706 959 750; x_wconf 87' lang='lat' dir='ltr'>partem</span> <span class='ocrx_word' id='word_1_67' title='bbox 992 702 1231 739; x_wconf 82' lang='lat' dir='ltr'>formandam</span> <span class='ocrx_word' id='word_1_68' title='bbox 1257 703 1473 749; x_wconf 78' lang='lat' dir='ltr'>conjuncta.</span> <span class='ocrx_word' id='word_1_69' title='bbox 1506 723 1554 729; x_wconf 93' lang='lat'>—</span> <span class='ocrx_word' id='word_1_70' title='bbox 1589 703 1801 740; x_wconf 73' lang='lat' dir='ltr'>Kermnidia</span> 
     </span>
     <span class='ocr_line' id='line_1_9' title="bbox 252 769 1802 819; baseline 0.001 -13"><span class='ocrx_word' id='word_1_71' title='bbox 252 782 363 818; x_wconf 79' lang='lat' dir='ltr'>quan]</span> <span class='ocrx_word' id='word_1_72' title='bbox 397 771 433 807; x_wconf 91' lang='lat' dir='ltr'>in</span> <span class='ocrx_word' id='word_1_73' title='bbox 468 770 676 808; x_wconf 80' lang='lat' dir='ltr'>Melchesia</span> <span class='ocrx_word' id='word_1_74' title='bbox 709 772 748 805; x_wconf 85' lang='lat' dir='ltr'>et</span> <span class='ocrx_word' id='word_1_75' title='bbox 776 769 977 817; x_wconf 77' lang='lat' dir='ltr'>Ampliiroa</span> <span class='ocrx_word' id='word_1_76' title='bbox 1009 769 1169 819; x_wconf 76' lang='lat' dir='ltr'>majora⁷</span> <span class='ocrx_word' id='word_1_77' title='bbox 1200 769 1280 806; x_wconf 86' lang='lat' dir='ltr'>sere</span> <span class='ocrx_word' id='word_1_78' title='bbox 1312 772 1441 806; x_wconf 78' lang='lat' dir='ltr'>exacte</span> <span class='ocrx_word' id='word_1_79' title='bbox 1472 770 1802 819; x_wconf 73' lang='lat' dir='ltr'>mamillael&#39;ormia,</span> 
     </span>
     <span class='ocr_line' id='line_1_10' title="bbox 252 835 1063 884; baseline -0.002 -11"><span class='ocrx_word' id='word_1_80' title='bbox 252 837 291 873; x_wconf 92' lang='lat' dir='ltr'>in</span> <span class='ocrx_word' id='word_1_81' title='bbox 323 838 506 874; x_wconf 70' lang='lat' dir='ltr'>exsiccata</span> <span class='ocrx_word' id='word_1_82' title='bbox 539 837 664 884; x_wconf 84' lang='lat' dir='ltr'>planta</span> <span class='ocrx_word' id='word_1_83' title='bbox 696 835 904 884; x_wconf 83' lang='lat' dir='ltr'>saepissime</span> <span class='ocrx_word' id='word_1_84' title='bbox 937 846 1063 871; x_wconf 83' lang='lat' dir='ltr'>vacua.</span> 
     </span>
    </p>

    <p class='ocr_par' dir='ltr' id='par_1_3' title="bbox 249 901 1803 1751">
     <span class='ocr_line' id='line_1_11' title="bbox 364 901 1802 950; baseline -0.001 -10"><span class='ocrx_word' id='word_1_85' title='bbox 364 908 490 940; x_wconf 63' lang='lat' dir='ltr'>(lenus</span> <span class='ocrx_word' id='word_1_86' title='bbox 521 903 737 940; x_wconf 81' lang='lat' dir='ltr'>Melobesiae</span> <span class='ocrx_word' id='word_1_87' title='bbox 768 902 875 940; x_wconf 86' lang='lat' dir='ltr'>valde</span> <span class='ocrx_word' id='word_1_88' title='bbox 906 902 1019 938; x_wconf 82' lang='lat' dir='ltr'>altine</span> <span class='ocrx_word' id='word_1_89' title='bbox 1053 904 1090 937; x_wconf 86' lang='lat' dir='ltr'>et</span> <span class='ocrx_word' id='word_1_90' title='bbox 1122 901 1262 950; x_wconf 77' lang='lat' dir='ltr'>forsan,</span> <span class='ocrx_word' id='word_1_91' title='bbox 1293 901 1414 938; x_wconf 85' lang='lat' dir='ltr'>varias</span> <span class='ocrx_word' id='word_1_92' title='bbox 1445 901 1593 950; x_wconf 85' lang='lat' dir='ltr'>species</span> <span class='ocrx_word' id='word_1_93' title='bbox 1621 903 1696 940; x_wconf 85' lang='lat' dir='ltr'>alio</span> <span class='ocrx_word' id='word_1_94' title='bbox 1717 903 1802 940; x_wconf 85' lang='lat' dir='ltr'>loco</span> 
     </span>
     <span class='ocr_line' id='line_1_12' title="bbox 252 967 1802 1017; baseline -0.002 -9"><span class='ocrx_word' id='word_1_95' title='bbox 252 969 526 1008; x_wconf 80' lang='lat' dir='ltr'>describendus</span> <span class='ocrx_word' id='word_1_96' title='bbox 558 980 643 1005; x_wconf 88' lang='lat' dir='ltr'>cum</span> <span class='ocrx_word' id='word_1_97' title='bbox 677 968 916 1017; x_wconf 74' lang='lat' dir='ltr'>respicimus,</span> <span class='ocrx_word' id='word_1_98' title='bbox 950 968 1007 1004; x_wconf 79' lang='lat' dir='ltr'>vix</span> <span class='ocrx_word' id='word_1_99' title='bbox 1039 967 1218 1014; x_wconf 75' lang='lat' dir='ltr'>generice</span> <span class='ocrx_word' id='word_1_100' title='bbox 1251 967 1492 1017; x_wconf 83' lang='lat' dir='ltr'>diversum‚a</span> <span class='ocrx_word' id='word_1_101' title='bbox 1511 969 1585 1005; x_wconf 89' lang='lat' dir='ltr'>Cel.</span> <span class='ocrx_word' id='word_1_102' title='bbox 1618 969 1802 1006; x_wconf 84' lang='lat' dir='ltr'>Decaisne</span> 
     </span>
     <span class='ocr_line' id='line_1_13' title="bbox 252 1033 1803 1083; baseline -0.001 -9"><span class='ocrx_word' id='word_1_103' title='bbox 252 1040 274 1074; x_wconf 91' lang='lat' dir='ltr'>l.</span> <span class='ocrx_word' id='word_1_104' title='bbox 306 1048 334 1074; x_wconf 89' lang='lat' dir='ltr'>c.</span> <span class='ocrx_word' id='word_1_105' title='bbox 370 1039 409 1071; x_wconf 92' lang='lat' dir='ltr'>ut</span> <span class='ocrx_word' id='word_1_106' title='bbox 439 1035 559 1072; x_wconf 83' lang='lat' dir='ltr'>sectio</span> <span class='ocrx_word' id='word_1_107' title='bbox 592 1034 745 1081; x_wconf 79' lang='lat' dir='ltr'>generiS</span> <span class='ocrx_word' id='word_1_108' title='bbox 787 1033 1003 1072; x_wconf 76' lang='lat' dir='ltr'>Melobesiae</span> <span class='ocrx_word' id='word_1_109' title='bbox 1049 1034 1312 1082; x_wconf 77' lang='lat' dir='ltr'>constitutum,</span> <span class='ocrx_word' id='word_1_110' title='bbox 1353 1033 1495 1071; x_wconf 88' lang='lat' dir='ltr'>deinde</span> <span class='ocrx_word' id='word_1_111' title='bbox 1527 1046 1544 1070; x_wconf 90' lang='lat' dir='ltr'>a</span> <span class='ocrx_word' id='word_1_112' title='bbox 1579 1036 1734 1083; x_wconf 76' lang='lat' dir='ltr'>Ktitzing</span> <span class='ocrx_word' id='word_1_113' title='bbox 1765 1039 1803 1072; x_wconf 88' lang='lat' dir='ltr'>et</span> 
     </span>
     <span class='ocr_line' id='line_1_14' title="bbox 249 1100 1802 1152; baseline -0.002 -11"><span class='ocrx_word' id='word_1_114' title='bbox 249 1107 392 1149; x_wconf 71' lang='lat' dir='ltr'>Hui-rev</span> <span class='ocrx_word' id='word_1_115' title='bbox 423 1101 467 1138; x_wconf 84' lang='lat' dir='ltr'>ad</span> <span class='ocrx_word' id='word_1_116' title='bbox 501 1101 728 1147; x_wconf 71' lang='lat' dir='ltr'>dignitatem</span> <span class='ocrx_word' id='word_1_117' title='bbox 760 1100 912 1147; x_wconf 81' lang='lat' dir='ltr'>generis</span> <span class='ocrx_word' id='word_1_118' title='bbox 945 1103 1119 1136; x_wconf 89' lang='lat' dir='ltr'>evectum</span> <span class='ocrx_word' id='word_1_119' title='bbox 1153 1103 1222 1136; x_wconf 80' lang='lat' dir='ltr'>est.</span> <span class='ocrx_word' id='word_1_120' title='bbox 1284 1102 1361 1137; x_wconf 82' lang='lat' dir='ltr'>Nec</span> <span class='ocrx_word' id='word_1_121' title='bbox 1391 1101 1472 1137; x_wconf 87' lang='lat' dir='ltr'>sine</span> <span class='ocrx_word' id='word_1_122' title='bbox 1504 1102 1729 1152; x_wconf 78' lang='lat' dir='ltr'>rationibus,</span> <span class='ocrx_word' id='word_1_123' title='bbox 1762 1107 1802 1138; x_wconf 87' lang='lat' dir='ltr'>ut</span> 
     </span>
     <span class='ocr_line' id='line_1_15' title="bbox 249 1167 1799 1216; baseline 0 -10"><span class='ocrx_word' id='word_1_124' title='bbox 249 1170 412 1216; x_wconf 75' lang='lat' dir='ltr'>videtur,</span> <span class='ocrx_word' id='word_1_125' title='bbox 452 1167 647 1216; x_wconf 70' lang='lat' dir='ltr'>gravihus3</span> <span class='ocrx_word' id='word_1_126' title='bbox 680 1177 914 1214; x_wconf 79' lang='lat' dir='ltr'>quamquam</span> <span class='ocrx_word' id='word_1_127' title='bbox 956 1167 1060 1202; x_wconf 88' lang='lat' dir='ltr'>enim</span> <span class='ocrx_word' id='word_1_128' title='bbox 1094 1168 1132 1202; x_wconf 91' lang='lat' dir='ltr'>et</span> <span class='ocrx_word' id='word_1_129' title='bbox 1162 1167 1402 1205; x_wconf 79' lang='lat' dir='ltr'>fructificatio</span> <span class='ocrx_word' id='word_1_130' title='bbox 1435 1168 1567 1205; x_wconf 85' lang='lat' dir='ltr'>eadem</span> <span class='ocrx_word' id='word_1_131' title='bbox 1601 1173 1658 1205; x_wconf 84' lang='lat' dir='ltr'>est</span> <span class='ocrx_word' id='word_1_132' title='bbox 1687 1181 1730 1206; x_wconf 86' lang='lat' dir='ltr'>ac</span> <span class='ocrx_word' id='word_1_133' title='bbox 1761 1169 1799 1206; x_wconf 89' lang='lat' dir='ltr'>in</span> 
     </span>
     <span class='ocr_line' id='line_1_16' title="bbox 250 1232 1801 1282; baseline -0.001 -8"><span class='ocrx_word' id='word_1_134' title='bbox 250 1235 470 1282; x_wconf 75' lang='lat' dir='ltr'>Melobesia,</span> <span class='ocrx_word' id='word_1_135' title='bbox 503 1237 540 1271; x_wconf 88' lang='lat' dir='ltr'>et</span> <span class='ocrx_word' id='word_1_136' title='bbox 570 1237 756 1270; x_wconf 73' lang='lat' dir='ltr'>structura</span> <span class='ocrx_word' id='word_1_137' title='bbox 790 1233 937 1269; x_wconf 76' lang='lat' dir='ltr'>frondis</span> <span class='ocrx_word' id='word_1_138' title='bbox 967 1244 985 1268; x_wconf 90' lang='lat' dir='ltr'>a</span> <span class='ocrx_word' id='word_1_139' title='bbox 1021 1232 1311 1270; x_wconf 74' lang='lat' dir='ltr'>MelolJesiarum</span> <span class='ocrx_word' id='word_1_140' title='bbox 1345 1236 1516 1271; x_wconf 86' lang='lat' dir='ltr'>Lamour.</span> <span class='ocrx_word' id='word_1_141' title='bbox 1536 1246 1668 1282; x_wconf 86' lang='lat' dir='ltr'>parum</span> <span class='ocrx_word' id='word_1_142' title='bbox 1687 1247 1801 1272; x_wconf 84' lang='lat' dir='ltr'>rece-</span> 
     </span>
     <span class='ocr_line' id='line_1_17' title="bbox 249 1289 1800 1349; baseline 0 -11"><span class='ocrx_word' id='word_1_143' title='bbox 249 1302 317 1349; x_wconf 79' lang='lat' dir='ltr'>dit,</span> <span class='ocrx_word' id='word_1_144' title='bbox 349 1289 477 1337; x_wconf 75' lang='lat' dir='ltr'>tamen</span> <span class='ocrx_word' id='word_1_145' title='bbox 509 1301 545 1336; x_wconf 89' lang='lat' dir='ltr'>in</span> <span class='ocrx_word' id='word_1_146' title='bbox 578 1299 820 1346; x_wconf 74' lang='lat' dir='ltr'>Mastopliora</span> <span class='ocrx_word' id='word_1_147' title='bbox 853 1298 1142 1346; x_wconf 75' lang='lat' dir='ltr'>morpliologica</span> <span class='ocrx_word' id='word_1_148' title='bbox 1175 1299 1322 1336; x_wconf 83' lang='lat' dir='ltr'>frondis</span> <span class='ocrx_word' id='word_1_149' title='bbox 1355 1300 1523 1337; x_wconf 77' lang='lat' dir='ltr'>evolutio</span> <span class='ocrx_word' id='word_1_150' title='bbox 1556 1312 1641 1338; x_wconf 84' lang='lat' dir='ltr'>cum</span> <span class='ocrx_word' id='word_1_151' title='bbox 1672 1305 1800 1338; x_wconf 87' lang='lat' dir='ltr'>Zona-</span> 
     </span>
     <span class='ocr_line' id='line_1_18' title="bbox 251 1365 1800 1417; baseline 0 -14"><span class='ocrx_word' id='word_1_152' title='bbox 251 1367 340 1404; x_wconf 87' lang='lat' dir='ltr'>rieis</span> <span class='ocrx_word' id='word_1_153' title='bbox 386 1367 511 1414; x_wconf 84' lang='lat' dir='ltr'>potius</span> <span class='ocrx_word' id='word_1_154' title='bbox 557 1376 668 1414; x_wconf 85' lang='lat' dir='ltr'>quam</span> <span class='ocrx_word' id='word_1_155' title='bbox 715 1377 801 1402; x_wconf 90' lang='lat' dir='ltr'>cum</span> <span class='ocrx_word' id='word_1_156' title='bbox 832 1365 1058 1402; x_wconf 85' lang='lat' dir='ltr'>Corallineis</span> <span class='ocrx_word' id='word_1_157' title='bbox 1100 1366 1311 1403; x_wconf 89' lang='lat' dir='ltr'>convenire</span> <span class='ocrx_word' id='word_1_158' title='bbox 1355 1367 1516 1417; x_wconf 80' lang='lat' dir='ltr'>videtur,</span> <span class='ocrx_word' id='word_1_159' title='bbox 1558 1368 1606 1404; x_wconf 88' lang='lat' dir='ltr'>ita</span> <span class='ocrx_word' id='word_1_160' title='bbox 1646 1372 1698 1417; x_wconf 85' lang='lat' dir='ltr'>ut,</span> <span class='ocrx_word' id='word_1_161' title='bbox 1728 1369 1800 1405; x_wconf 76' lang='lat' dir='ltr'>nisi</span> 
     </span>
     <span class='ocr_line' id='line_1_19' title="bbox 249 1433 1799 1483; baseline 0.001 -12"><span class='ocrx_word' id='word_1_162' title='bbox 249 1434 417 1471; x_wconf 84' lang='lat' dir='ltr'>affuisset</span> <span class='ocrx_word' id='word_1_163' title='bbox 456 1433 678 1471; x_wconf 79' lang='lat' dir='ltr'>incrustatio</span> <span class='ocrx_word' id='word_1_164' title='bbox 724 1434 906 1483; x_wconf 71' lang='lat' dir='ltr'>caleat-ea,</span> <span class='ocrx_word' id='word_1_165' title='bbox 939 1444 1054 1470; x_wconf 88' lang='lat' dir='ltr'>nemo</span> <span class='ocrx_word' id='word_1_166' title='bbox 1099 1434 1226 1470; x_wconf 80' lang='lat' dir='ltr'>forsan</span> <span class='ocrx_word' id='word_1_167' title='bbox 1259 1434 1303 1470; x_wconf 87' lang='lat' dir='ltr'>ad</span> <span class='ocrx_word' id='word_1_168' title='bbox 1336 1435 1567 1472; x_wconf 83' lang='lat' dir='ltr'>Corallineas</span> <span class='ocrx_word' id='word_1_169' title='bbox 1599 1436 1799 1473; x_wconf 76' lang='lat' dir='ltr'>retulisset.</span> 
     </span>
     <span class='ocr_line' id='line_1_20' title="bbox 250 1500 1797 1550; baseline 0 -11"><span class='ocrx_word' id='word_1_170' title='bbox 250 1502 472 1550; x_wconf 84' lang='lat' dir='ltr'>Specierum</span> <span class='ocrx_word' id='word_1_171' title='bbox 512 1501 686 1537; x_wconf 83' lang='lat' dir='ltr'>limitatio</span> <span class='ocrx_word' id='word_1_172' title='bbox 725 1511 784 1536; x_wconf 83' lang='lat' dir='ltr'>res</span> <span class='ocrx_word' id='word_1_173' title='bbox 826 1511 967 1548; x_wconf 85' lang='lat' dir='ltr'>anceps</span> <span class='ocrx_word' id='word_1_174' title='bbox 1006 1503 1064 1536; x_wconf 87' lang='lat' dir='ltr'>est</span> <span class='ocrx_word' id='word_1_175' title='bbox 1093 1503 1206 1548; x_wconf 81' lang='lat' dir='ltr'>atque</span> <span class='ocrx_word' id='word_1_176' title='bbox 1238 1500 1400 1550; x_wconf 70' lang='lat' dir='ltr'>lubrie-33</span> <span class='ocrx_word' id='word_1_177' title='bbox 1432 1512 1661 1549; x_wconf 65' lang='lat' dir='ltr'>‹piamquam</span> <span class='ocrx_word' id='word_1_178' title='bbox 1695 1503 1797 1539; x_wconf 88' lang='lat' dir='ltr'>enim</span> 
     </span>
     <span class='ocr_line' id='line_1_21' title="bbox 250 1567 1798 1617; baseline 0.002 -13"><span class='ocrx_word' id='word_1_179' title='bbox 250 1570 392 1615; x_wconf 74' lang='lat' dir='ltr'>largam</span> <span class='ocrx_word' id='word_1_180' title='bbox 430 1568 685 1615; x_wconf 86' lang='lat' dir='ltr'>speciminum</span> <span class='ocrx_word' id='word_1_181' title='bbox 723 1577 889 1604; x_wconf 84' lang='lat' dir='ltr'>messem</span> <span class='ocrx_word' id='word_1_182' title='bbox 929 1577 1058 1603; x_wconf 80' lang='lat' dir='ltr'>coram</span> <span class='ocrx_word' id='word_1_183' title='bbox 1099 1567 1221 1604; x_wconf 92' lang='lat' dir='ltr'>oculis</span> <span class='ocrx_word' id='word_1_184' title='bbox 1260 1567 1477 1617; x_wconf 73' lang='lat' dir='ltr'>habeamus,</span> <span class='ocrx_word' id='word_1_185' title='bbox 1510 1571 1636 1605; x_wconf 85' lang='lat' dir='ltr'>tamen</span> <span class='ocrx_word' id='word_1_186' title='bbox 1671 1572 1798 1607; x_wconf 87' lang='lat' dir='ltr'>utrum</span> 
     </span>
     <span class='ocr_line' id='line_1_22' title="bbox 250 1632 1799 1686; baseline 0.001 -15"><span class='ocrx_word' id='word_1_187' title='bbox 250 1646 324 1671; x_wconf 89' lang='lat' dir='ltr'>una</span> <span class='ocrx_word' id='word_1_188' title='bbox 367 1647 413 1671; x_wconf 86' lang='lat' dir='ltr'>an</span> <span class='ocrx_word' id='word_1_189' title='bbox 455 1636 581 1682; x_wconf 87' lang='lat' dir='ltr'>plures</span> <span class='ocrx_word' id='word_1_190' title='bbox 626 1644 713 1670; x_wconf 84' lang='lat' dir='ltr'>vere</span> <span class='ocrx_word' id='word_1_191' title='bbox 754 1632 913 1670; x_wconf 75' lang='lat' dir='ltr'>‹liversae</span> <span class='ocrx_word' id='word_1_192' title='bbox 957 1633 1044 1682; x_wconf 84' lang='lat' dir='ltr'>sint,</span> <span class='ocrx_word' id='word_1_193' title='bbox 1075 1644 1168 1681; x_wconf 84' lang='lat' dir='ltr'>quas</span> <span class='ocrx_word' id='word_1_194' title='bbox 1199 1645 1301 1670; x_wconf 90' lang='lat' dir='ltr'>nunc</span> <span class='ocrx_word' id='word_1_195' title='bbox 1332 1645 1615 1686; x_wconf 78' lang='lat' dir='ltr'>enumeramus,</span> <span class='ocrx_word' id='word_1_196' title='bbox 1646 1637 1799 1683; x_wconf 79' lang='lat' dir='ltr'>generis</span> 
     </span>
     <span class='ocr_line' id='line_1_23' title="bbox 249 1700 1212 1751; baseline -0.002 -13"><span class='ocrx_word' id='word_1_197' title='bbox 249 1702 412 1750; x_wconf 79' lang='lat' dir='ltr'>species,</span> <span class='ocrx_word' id='word_1_198' title='bbox 444 1712 513 1748; x_wconf 85' lang='lat' dir='ltr'>pro</span> <span class='ocrx_word' id='word_1_199' title='bbox 546 1703 651 1751; x_wconf 85' lang='lat' dir='ltr'>certo</span> <span class='ocrx_word' id='word_1_200' title='bbox 681 1700 872 1736; x_wconf 75' lang='lat' dir='ltr'>affirmare</span> <span class='ocrx_word' id='word_1_201' title='bbox 905 1711 982 1736; x_wconf 91' lang='lat' dir='ltr'>non</span> <span class='ocrx_word' id='word_1_202' title='bbox 1016 1700 1212 1737; x_wconf 81' lang='lat' dir='ltr'>audemus.</span> 
     </span>
    </p>

    <p class='ocr_par' dir='ltr' id='par_1_4' title="bbox 248 1767 1799 1938">
     <span class='ocr_line' id='line_1_24' title="bbox 358 1767 1797 1818; baseline 0.001 -14"><span class='ocrx_word' id='word_1_203' title='bbox 358 1767 580 1805; x_wconf 81' lang='lat' dir='ltr'>Distributio</span> <span class='ocrx_word' id='word_1_204' title='bbox 620 1767 837 1815; x_wconf 85' lang='lat' dir='ltr'>specierum</span> <span class='ocrx_word' id='word_1_205' title='bbox 884 1768 1136 1815; x_wconf 72' lang='lat' dir='ltr'>geographica</span> <span class='ocrx_word' id='word_1_206' title='bbox 1169 1767 1274 1804; x_wconf 83' lang='lat' dir='ltr'>valde</span> <span class='ocrx_word' id='word_1_207' title='bbox 1307 1767 1475 1805; x_wconf 84' lang='lat' dir='ltr'>limitata.</span> <span class='ocrx_word' id='word_1_208' title='bbox 1536 1773 1674 1807; x_wconf 88' lang='lat' dir='ltr'>Omnes</span> <span class='ocrx_word' id='word_1_209' title='bbox 1704 1782 1797 1818; x_wconf 86' lang='lat' dir='ltr'>spe-</span> 
     </span>
     <span class='ocr_line' id='line_1_25' title="bbox 248 1833 1799 1885; baseline 0.003 -15"><span class='ocrx_word' id='word_1_210' title='bbox 248 1834 338 1884; x_wconf 76' lang='lat' dir='ltr'>cies,</span> <span class='ocrx_word' id='word_1_211' title='bbox 371 1837 410 1870; x_wconf 89' lang='lat' dir='ltr'>ut</span> <span class='ocrx_word' id='word_1_212' title='bbox 441 1835 513 1871; x_wconf 83' lang='lat' dir='ltr'>lioc</span> <span class='ocrx_word' id='word_1_213' title='bbox 544 1833 629 1870; x_wconf 83' lang='lat' dir='ltr'>loco</span> <span class='ocrx_word' id='word_1_214' title='bbox 662 1844 781 1880; x_wconf 80' lang='lat' dir='ltr'>genus</span> <span class='ocrx_word' id='word_1_215' title='bbox 813 1833 1194 1885; x_wconf 72' lang='lat' dir='ltr'>circumscripsimus,</span> <span class='ocrx_word' id='word_1_216' title='bbox 1227 1834 1325 1872; x_wconf 89' lang='lat' dir='ltr'>inter</span> <span class='ocrx_word' id='word_1_217' title='bbox 1356 1837 1623 1884; x_wconf 74' lang='lat' dir='ltr'>capricornum</span> <span class='ocrx_word' id='word_1_218' title='bbox 1657 1840 1694 1874; x_wconf 93' lang='lat' dir='ltr'>et</span> <span class='ocrx_word' id='word_1_219' title='bbox 1726 1835 1799 1874; x_wconf 74' lang='lat'>40⁰</span> 
     </span>
     <span class='ocr_line' id='line_1_26' title="bbox 248 1900 858 1938; baseline -0.005 0"><span class='ocrx_word' id='word_1_220' title='bbox 248 1904 319 1938; x_wconf 79' lang='lat' dir='ltr'>Lat.</span> <span class='ocrx_word' id='word_1_221' title='bbox 350 1901 591 1938; x_wconf 83' lang='lat' dir='ltr'>meridional.</span> <span class='ocrx_word' id='word_1_222' title='bbox 624 1902 712 1937; x_wconf 90' lang='lat' dir='ltr'>sunt</span> <span class='ocrx_word' id='word_1_223' title='bbox 741 1900 858 1936; x_wconf 77' lang='lat' dir='ltr'>lectae.</span> 
     </span>
    </p>
   </div>
   <div class='ocr_carea' id='block_1_3' title="bbox 253 2045 1795 2293">
    <p class='ocr_par' dir='ltr' id='par_1_5' title="bbox 253 2045 1795 2293">
     <span class='ocr_line' id='line_1_27' title="bbox 253 2045 1794 2089; baseline 0.004 -7"><span class='ocrx_word' id='word_1_224' title='bbox 253 2046 282 2082; x_wconf 77' lang='lat' dir='ltr'>l.</span> <span class='ocrx_word' id='word_1_225' title='bbox 316 2049 498 2084; x_wconf 59' lang='lat' dir='ltr'>Misropn.</span> <span class='ocrx_word' id='word_1_226' title='bbox 532 2048 773 2083; x_wconf 72' lang='lat' dir='ltr'>LAMOUROUXH</span> <span class='ocrx_word' id='word_1_227' title='bbox 806 2045 1018 2089; x_wconf 75' lang='lat' dir='ltr'>(Decaz&#39;sn.</span> <span class='ocrx_word' id='word_1_228' title='bbox 1057 2046 1154 2082; x_wconf 80' lang='lat' dir='ltr'>Ann.</span> <span class='ocrx_word' id='word_1_229' title='bbox 1198 2045 1234 2083; x_wconf 79' lang='lat' dir='ltr'>d.</span> <span class='ocrx_word' id='word_1_230' title='bbox 1274 2049 1421 2086; x_wconf 78' lang='lat' dir='ltr'>scienc.</span> <span class='ocrx_word' id='word_1_231' title='bbox 1462 2051 1543 2085; x_wconf 78' lang='lat' dir='ltr'>nal.</span> <span class='ocrx_word' id='word_1_232' title='bbox 1589 2049 1690 2087; x_wconf 71' lang='lat'>4842</span> <span class='ocrx_word' id='word_1_233' title='bbox 1722 2051 1794 2089; x_wconf 81' lang='lat' dir='ltr'>vol.</span> 
     </span>
     <span class='ocr_line' id='line_1_28' title="bbox 357 2111 1795 2165; baseline 0.003 -16"><span class='ocrx_word' id='word_1_234' title='bbox 357 2112 381 2149; x_wconf 76' lang='lat'><strong>2</strong></span> <span class='ocrx_word' id='word_1_235' title='bbox 409 2123 447 2158; x_wconf 82' lang='lat' dir='ltr'>p.</span> <span class='ocrx_word' id='word_1_236' title='bbox 486 2111 578 2156; x_wconf 73' lang='lat'>426)</span> <span class='ocrx_word' id='word_1_237' title='bbox 621 2112 746 2160; x_wconf 83' lang='lat' dir='ltr'>stipite</span> <span class='ocrx_word' id='word_1_238' title='bbox 779 2111 913 2149; x_wconf 80' lang='lat' dir='ltr'>lineari</span> <span class='ocrx_word' id='word_1_239' title='bbox 946 2112 1088 2159; x_wconf 88' lang='lat' dir='ltr'>pluries</span> <span class='ocrx_word' id='word_1_240' title='bbox 1121 2113 1386 2161; x_wconf 74' lang='lat' dir='ltr'>irregulariter</span> <span class='ocrx_word' id='word_1_241' title='bbox 1415 2114 1651 2165; x_wconf 76' lang='lat' dir='ltr'>dichotomo,</span> <span class='ocrx_word' id='word_1_242' title='bbox 1681 2118 1795 2154; x_wconf 81' lang='lat' dir='ltr'>ramis</span> 
     </span>
     <span class='ocr_line' id='line_1_29' title="bbox 357 2178 1794 2229; baseline 0.003 -14"><span class='ocrx_word' id='word_1_243' title='bbox 357 2179 393 2215; x_wconf 94' lang='lat' dir='ltr'>in</span> <span class='ocrx_word' id='word_1_244' title='bbox 433 2181 629 2225; x_wconf 75' lang='lat' dir='ltr'>segmenta</span> <span class='ocrx_word' id='word_1_245' title='bbox 671 2178 746 2214; x_wconf 80' lang='lat' dir='ltr'>basi</span> <span class='ocrx_word' id='word_1_246' title='bbox 787 2182 1175 2225; x_wconf 72' lang='lat' dir='ltr'>cuneum-angustata</span> <span class='ocrx_word' id='word_1_247' title='bbox 1217 2180 1336 2217; x_wconf 84' lang='lat' dir='ltr'>incisa</span> <span class='ocrx_word' id='word_1_248' title='bbox 1375 2181 1563 2229; x_wconf 89' lang='lat' dir='ltr'>apiceque</span> <span class='ocrx_word' id='word_1_249' title='bbox 1607 2183 1794 2221; x_wconf 77' lang='lat' dir='ltr'>flabellata</span> 
     </span>
     <span class='ocr_line' id='line_1_30' title="bbox 355 2245 1538 2293; baseline 0.003 -12"><span class='ocrx_word' id='word_1_250' title='bbox 355 2245 527 2292; x_wconf 76' lang='lat' dir='ltr'>margine</span> <span class='ocrx_word' id='word_1_251' title='bbox 560 2245 726 2281; x_wconf 76' lang='lat' dir='ltr'>involuta</span> <span class='ocrx_word' id='word_1_252' title='bbox 759 2245 969 2292; x_wconf 81' lang='lat' dir='ltr'>subtusque</span> <span class='ocrx_word' id='word_1_253' title='bbox 1000 2245 1181 2293; x_wconf 84' lang='lat' dir='ltr'>pruinosa</span> <span class='ocrx_word' id='word_1_254' title='bbox 1213 2247 1538 2286; x_wconf 85' lang='lat' dir='ltr'>evanescentibus.</span> 
     </span>
    </p>
   </div>
   <div class='ocr_carea' id='block_1_4' title="bbox 245 2331 1789 2661">
    <p class='ocr_par' dir='ltr' id='par_1_6' title="bbox 339 2331 1314 2373">
     <span class='ocr_line' id='line_1_31' title="bbox 339 2331 1314 2373; baseline 0.003 -11"><span class='ocrx_word' id='word_1_255' title='bbox 339 2331 530 2363; x_wconf 81' lang='lat' dir='ltr'>Metobesia</span> <span class='ocrx_word' id='word_1_256' title='bbox 559 2331 819 2373; x_wconf 60' lang='lat' dir='ltr'>(Blastophora)</span> <span class='ocrx_word' id='word_1_257' title='bbox 846 2331 1094 2364; x_wconf 79' lang='lat' dir='ltr'>Lamourouxii</span> <span class='ocrx_word' id='word_1_258' title='bbox 1123 2331 1207 2366; x_wconf 82' lang='lat' dir='ltr'>Dec.</span> <span class='ocrx_word' id='word_1_259' title='bbox 1234 2332 1256 2366; x_wconf 89' lang='lat' dir='ltr'>l.</span> <span class='ocrx_word' id='word_1_260' title='bbox 1283 2343 1314 2366; x_wconf 88' lang='lat' dir='ltr'>c.</span> 
     </span>
    </p>

    <p class='ocr_par' dir='ltr' id='par_1_7' title="bbox 340 2388 1145 2432">
     <span class='ocr_line' id='line_1_32' title="bbox 340 2388 1145 2432; baseline 0.004 -12"><span class='ocrx_word' id='word_1_261' title='bbox 340 2389 484 2420; x_wconf 79' lang='lat' dir='ltr'>Zonaria</span> <span class='ocrx_word' id='word_1_262' title='bbox 513 2398 614 2421; x_wconf 83' lang='lat' dir='ltr'>rosea</span> <span class='ocrx_word' id='word_1_263' title='bbox 640 2390 697 2432; x_wconf 72' lang='lat' dir='ltr'>Ay.</span> <span class='ocrx_word' id='word_1_264' title='bbox 724 2389 767 2421; x_wconf 83' lang='lat' dir='ltr'>lt.</span> <span class='ocrx_word' id='word_1_265' title='bbox 796 2388 984 2429; x_wconf 73' lang='lat' dir='ltr'>Freyce&#39;ncl</span> <span class='ocrx_word' id='word_1_266' title='bbox 1005 2400 1040 2432; x_wconf 85' lang='lat' dir='ltr'>p.</span> <span class='ocrx_word' id='word_1_267' title='bbox 1069 2389 1145 2423; x_wconf 75' lang='lat'>464.</span> 
     </span>
    </p>

    <p class='ocr_par' dir='ltr' id='par_1_8' title="bbox 245 2445 1789 2545">
     <span class='ocr_line' id='line_1_33' title="bbox 337 2445 1789 2491; baseline 0.004 -14"><span class='ocrx_word' id='word_1_268' title='bbox 337 2446 562 2487; x_wconf 77' lang='lat' dir='ltr'>Mastopliora</span> <span class='ocrx_word' id='word_1_269' title='bbox 587 2446 834 2479; x_wconf 81' lang='lat' dir='ltr'>Lamourouxii</span> <span class='ocrx_word' id='word_1_270' title='bbox 862 2445 969 2479; x_wconf 72' lang='lat' dir='ltr'>llarv.</span> <span class='ocrx_word' id='word_1_271' title='bbox 996 2445 1080 2480; x_wconf 79' lang='lat' dir='ltr'>Ner.</span> <span class='ocrx_word' id='word_1_272' title='bbox 1109 2446 1229 2480; x_wconf 79' lang='lat' dir='ltr'>Austr.</span> <span class='ocrx_word' id='word_1_273' title='bbox 1250 2458 1286 2491; x_wconf 87' lang='lat' dir='ltr'>p.</span> <span class='ocrx_word' id='word_1_274' title='bbox 1314 2449 1391 2481; x_wconf 73' lang='lat'>408.</span> <span class='ocrx_word' id='word_1_275' title='bbox 1417 2447 1543 2481; x_wconf 79' lang='lat' dir='ltr'>t.XLI.</span> <span class='ocrx_word' id='word_1_276' title='bbox 1570 2468 1614 2473; x_wconf 89' lang='lat'>—</span> <span class='ocrx_word' id='word_1_277' title='bbox 1638 2448 1789 2484; x_wconf 75' lang='lat' dir='ltr'>Israuss.</span> 
     </span>
     <span class='ocr_line' id='line_1_34' title="bbox 245 2501 518 2545; baseline 0.004 -11"><span class='ocrx_word' id='word_1_278' title='bbox 245 2501 354 2536; x_wconf 63' lang='lat' dir='ltr'>Beittz</span> <span class='ocrx_word' id='word_1_279' title='bbox 377 2513 412 2545; x_wconf 81' lang='lat' dir='ltr'>p.</span> <span class='ocrx_word' id='word_1_280' title='bbox 440 2505 518 2535; x_wconf 65' lang='lat'>207.</span> 
     </span>
    </p>

    <p class='ocr_par' dir='ltr' id='par_1_9' title="bbox 247 2560 1786 2661">
     <span class='ocr_line' id='line_1_35' title="bbox 337 2560 1786 2603; baseline 0.002 -11"><span class='ocrx_word' id='word_1_281' title='bbox 337 2560 527 2592; x_wconf 70' lang='lat' dir='ltr'>Melohesia</span> <span class='ocrx_word' id='word_1_282' title='bbox 555 2560 816 2603; x_wconf 78' lang='lat' dir='ltr'>(Mastophora)</span> <span class='ocrx_word' id='word_1_283' title='bbox 843 2561 1016 2593; x_wconf 73' lang='lat' dir='ltr'>flabellum</span> <span class='ocrx_word' id='word_1_284' title='bbox 1043 2560 1148 2596; x_wconf 84' lang='lat' dir='ltr'>Sond.</span> <span class='ocrx_word' id='word_1_285' title='bbox 1176 2563 1213 2596; x_wconf 82' lang='lat' dir='ltr'>in</span> <span class='ocrx_word' id='word_1_286' title='bbox 1240 2562 1345 2596; x_wconf 70' lang='lat' dir='ltr'>Molcl.</span> <span class='ocrx_word' id='word_1_287' title='bbox 1373 2565 1406 2597; x_wconf 75' lang='lat' dir='ltr'>et</span> <span class='ocrx_word' id='word_1_288' title='bbox 1429 2562 1600 2597; x_wconf 72' lang='lat' dir='ltr'>Sclzleclaec.</span> <span class='ocrx_word' id='word_1_289' title='bbox 1619 2561 1686 2596; x_wconf 79' lang='lat' dir='ltr'>Bo!</span> <span class='ocrx_word' id='word_1_290' title='bbox 1700 2562 1786 2596; x_wconf 71' lang='lat' dir='ltr'>leit.</span> 
     </span>
     <span class='ocr_line' id='line_1_36' title="bbox 247 2617 1068 2661; baseline 0.005 -14"><span class='ocrx_word' id='word_1_291' title='bbox 247 2617 332 2648; x_wconf 72' lang='lat'>4845</span> <span class='ocrx_word' id='word_1_292' title='bbox 354 2627 388 2659; x_wconf 76' lang='lat' dir='ltr'>p.</span> <span class='ocrx_word' id='word_1_293' title='bbox 416 2619 470 2650; x_wconf 80' lang='lat'>55.</span> <span class='ocrx_word' id='word_1_294' title='bbox 498 2617 602 2651; x_wconf 77' lang='lat' dir='ltr'><em>Plane</em></span> <span class='ocrx_word' id='word_1_295' title='bbox 628 2618 760 2652; x_wconf 60' lang='lat' dir='ltr'>Preiss</span> <span class='ocrx_word' id='word_1_296' title='bbox 788 2619 859 2652; x_wconf 63' lang='lat' dir='ltr'>vol.</span> <span class='ocrx_word' id='word_1_297' title='bbox 885 2620 904 2650; x_wconf 69' lang='lat'><strong>2</strong></span> <span class='ocrx_word' id='word_1_298' title='bbox 927 2628 963 2661; x_wconf 84' lang='lat' dir='ltr'>p.</span> <span class='ocrx_word' id='word_1_299' title='bbox 993 2620 1068 2651; x_wconf 81' lang='grc'><strong>488.</strong></span> 
     </span>
    </p>
   </div>
   <div class='ocr_carea' id='block_1_5' title="bbox 354 2699 1785 2751">
    <p class='ocr_par' dir='ltr' id='par_1_10' title="bbox 354 2699 1785 2751">
     <span class='ocr_line' id='line_1_37' title="bbox 354 2699 1785 2751; baseline 0.002 -17"><span class='ocrx_word' id='word_1_300' title='bbox 354 2699 439 2736; x_wconf 82' lang='lat' dir='ltr'>llab.</span> <span class='ocrx_word' id='word_1_301' title='bbox 473 2699 517 2735; x_wconf 76' lang='lat' dir='ltr'>ad</span> <span class='ocrx_word' id='word_1_302' title='bbox 550 2702 704 2737; x_wconf 83' lang='lat' dir='ltr'>Portum</span> <span class='ocrx_word' id='word_1_303' title='bbox 756 2702 994 2739; x_wconf 83' lang='lat' dir='ltr'>Natalensem</span> <span class='ocrx_word' id='word_1_304' title='bbox 1040 2701 1170 2738; x_wconf 78' lang='lat' dir='ltr'>Africae</span> <span class='ocrx_word' id='word_1_305' title='bbox 1215 2701 1400 2751; x_wconf 82' lang='lat' dir='ltr'>australis,</span> <span class='ocrx_word' id='word_1_306' title='bbox 1437 2704 1575 2749; x_wconf 83' lang='lat' dir='ltr'>Javam‚</span> <span class='ocrx_word' id='word_1_307' title='bbox 1607 2711 1678 2738; x_wconf 89' lang='lat' dir='ltr'>nec</span> <span class='ocrx_word' id='word_1_308' title='bbox 1708 2712 1785 2738; x_wconf 93' lang='lat' dir='ltr'>non</span> 
     </span>
    </p>
   </div>
   <div class='ocr_carea' id='block_1_6' title="bbox 244 2766 1783 2816">
    <p class='ocr_par' dir='ltr' id='par_1_11' title="bbox 244 2766 1783 2816">
     <span class='ocr_line' id='line_1_38' title="bbox 244 2766 1783 2816; baseline 0.002 -17"><span class='ocrx_word' id='word_1_309' title='bbox 244 2775 350 2800; x_wconf 86' lang='lat' dir='ltr'>oran]</span> <span class='ocrx_word' id='word_1_310' title='bbox 396 2768 506 2802; x_wconf 72' lang='lat' dir='ltr'>Novae</span> <span class='ocrx_word' id='word_1_311' title='bbox 552 2766 756 2803; x_wconf 76' lang='lat' dir='ltr'>Ilollandiae</span> <span class='ocrx_word' id='word_1_312' title='bbox 801 2768 1005 2804; x_wconf 76' lang='lat' dir='ltr'>australem</span> <span class='ocrx_word' id='word_1_313' title='bbox 1043 2780 1061 2805; x_wconf 86' lang='lat' dir='ltr'>a</span> <span class='ocrx_word' id='word_1_314' title='bbox 1100 2767 1214 2805; x_wconf 89' lang='lat' dir='ltr'>fluvio</span> <span class='ocrx_word' id='word_1_315' title='bbox 1254 2771 1469 2814; x_wconf 76' lang='lat' dir='ltr'>cygnorum</span> <span class='ocrx_word' id='word_1_316' title='bbox 1506 2768 1570 2816; x_wconf 83' lang='lat' dir='ltr'>(M.</span> <span class='ocrx_word' id='word_1_317' title='bbox 1602 2767 1783 2804; x_wconf 71' lang='lat' dir='ltr'>flabellum</span> 
     </span>
    </p>
   </div>
   <div class='ocr_carea' id='block_1_7' title="bbox 244 2830 1785 2941">
    <p class='ocr_par' dir='ltr' id='par_1_12' title="bbox 244 2830 1785 2941">
     <span class='ocr_line' id='line_1_39' title="bbox 244 2830 1785 2884; baseline 0.003 -20"><span class='ocrx_word' id='word_1_318' title='bbox 244 2830 381 2872; x_wconf 86' lang='lat' dir='ltr'>Sond.)</span> <span class='ocrx_word' id='word_1_319' title='bbox 427 2842 548 2879; x_wconf 83' lang='lat' dir='ltr'>usque</span> <span class='ocrx_word' id='word_1_320' title='bbox 593 2832 639 2869; x_wconf 84' lang='lat' dir='ltr'>ad</span> <span class='ocrx_word' id='word_1_321' title='bbox 684 2835 773 2871; x_wconf 86' lang='lat' dir='ltr'>Port</span> <span class='ocrx_word' id='word_1_322' title='bbox 817 2834 1000 2884; x_wconf 80' lang='lat' dir='ltr'>Philippe,</span> <span class='ocrx_word' id='word_1_323' title='bbox 1044 2833 1108 2871; x_wconf 85' lang='lat' dir='ltr'>ubi</span> <span class='ocrx_word' id='word_1_324' title='bbox 1156 2834 1380 2882; x_wconf 81' lang='lat' dir='ltr'>frequenter</span> <span class='ocrx_word' id='word_1_325' title='bbox 1411 2833 1542 2879; x_wconf 85' lang='lat' dir='ltr'>(Herb.</span> <span class='ocrx_word' id='word_1_326' title='bbox 1584 2844 1712 2881; x_wconf 86' lang='lat' dir='ltr'>propr.</span> <span class='ocrx_word' id='word_1_327' title='bbox 1748 2837 1785 2870; x_wconf 76' lang='lat' dir='ltr'>et</span> 
     </span>
     <span class='ocr_line' id='line_1_40' title="bbox 244 2896 438 2941; baseline 0.026 -14"><span class='ocrx_word' id='word_1_328' title='bbox 244 2896 438 2941; x_wconf 73' lang='lat' dir='ltr'>sonum-i).</span> 
     </span>
    </p>
   </div>
  </div>
 </body>
</html>
