1895 3208
74 141 303 188 Corallma.
487 142 723 185 fluitantium
743 137 918 198 (Auaron.
941 138 1186 192 ARESCHJ.
1502 141 1592 181 571

166 275 322 318 Species,
361 277 398 308 ut
434 276 607 317 putamus,
646 273 687 307 ab
730 273 891 307 omnibus
929 273 983 305 liir.
1022 272 1209 314 descriptis
1240 271 1423 312 insiguiter
1449 270 1596 312 diversa,

73 350 187 384 neque
214 350 292 375 cum
319 341 446 383 planta,
473 349 574 382 quam
602 339 666 372 hoc
694 339 760 372 snb
788 340 926 372 nomine
953 339 1143 380 descripsit
1167 336 1236 370 Cel.
1264 336 1409 379 Sonder,
1437 336 1469 368 in
1493 344 1596 367 unam

74 406 326 448 conjungenda.
375 405 482 438 Frons
519 406 659 438 circiter
683 404 870 446 pollicaris,
897 405 1024 436 eoloris
1052 402 1408 444 alnido-virescentis,
1434 401 1595 443 primaria

74 482 209 506 ramosa
237 473 257 505 l.
284 471 655 504 dichotomo-ramosa.
717 469 810 501 llaiui
839 470 969 511 pinnati
996 467 1266 510 plumaelorines,
1292 475 1403 508 usque
1430 466 1598 508 semipel-

75 540 177 571 licem
213 538 317 580 longi,
356 538 457 577 orati,
497 536 635 575 oblongi
674 535 695 567 l.
733 535 930 578 laiieeolati,
971 536 1096 567 lineam
1125 534 1145 565 l.
1173 533 1389 566 semilineam
1417 532 1492 573 lati,
1519 532 1598 573 pin-

73 612 128 636 noe
155 604 273 637 densae
300 613 318 635 e
344 603 499 643 margine
526 601 696 644 superiori
713 601 847 634 articuli
866 602 968 633 ramei
986 599 1171 632 rotundato
1187 600 1349 640 utrinque
1365 597 1597 639 egredientes,

74 669 337 712 approximatoe,
376 667 532 709 furcata‘,
576 665 785 698 dieliotomw
824 665 843 698 l.
881 664 1151 707 sulipinnulata‘.
1212 663 1353 696 Articuli
1389 663 1492 695 infimi
1520 662 1598 703 plus

73 735 186 767 minus
224 733 445 776 cylindraeei‚
482 740 654 765 ramorum
692 731 797 764 medii
836 732 1109 772 superioresque
1148 728 1598 770 compresso-complui]ati,

73 800 228 840 margine
262 800 423 841 utrinque
457 798 627 839 tenuiore,
660 797 692 829 in
732 797 847 829 medio
881 796 959 837 plus
986 796 1099 827 minus
1127 794 1307 826 evidenter
1333 794 1529 835 incrassati,
1556 801 1598 824 ex

74 865 173 906 apice
207 864 392 897 rotundato
426 862 737 896 cuneata-obovati
782 863 816 894 et
854 863 898 894 ita
937 861 1080 902 dilatati,
1116 861 1153 892 ut
1179 859 1383 892 diametrum
1411 859 1599 890 maximum

74 929 288 970 longitudine
315 929 371 960 vix
397 930 539 970 aequant
564 927 585 960 l.
612 926 735 960 eodem
762 928 832 960 sint
858 926 1053 968 breviores,
1083 926 1267 967 pinnarum
1295 924 1474 958 inferiores
1501 934 1599 956 eom-

73 996 185 1037 pressi
232 996 267 1026 et
308 993 463 1035 ejusdem
507 1000 603 1034 saepe
649 991 768 1025 sormae
807 1001 847 1025 ae
885 992 1021 1024 articuli
1070 999 1262 1033 ramorum,
1299 989 1361 1022 sed
1400 990 1600 1031 superiores

72 1061 151 1103 plus
178 1060 292 1092 minus
319 1058 540 1100 cylindraoei.
589 1057 785 1090 Keramidia
812 1058 844 1089 in
871 1057 986 1098 pinnis
1015 1059 1114 1088 ovata
1142 1056 1161 1087 l.
1187 1054 1352 1098 elliptica,
1379 1062 1470 1086 nunc
1498 1054 1599 1096 ninia,

74 1135 166 1161 nune
203 1125 437 1164 corniculata,
484 1133 614 1157 cornua
653 1124 830 1157 attenuata
877 1121 1131 1163 longitudinem
1175 1120 1356 1153 keramidii
1395 1120 1600 1162 plerumque

74 1191 293 1226 excedentia.

166 1257 364 1299 Descriptio
402 1259 437 1288 et
472 1255 592 1296 tigurae
630 1254 690 1287 Ell.
730 1256 765 1286 et
801 1252 959 1286 Solandri
998 1253 1044 1285 ita
1082 1252 1172 1284 bene
1206 1253 1237 1285 in
1265 1253 1421 1284 nostram
1447 1251 1600 1292 plantam

74 1323 262 1366 quadrant,
307 1323 345 1354 ut
380 1321 422 1354 de
461 1321 641 1362 utriusque
676 1319 805 1360 plantae
850 1318 1032 1350 identitate
1077 1317 1236 1349 dubitare
1282 1318 1339 1349 vix
1377 1317 1492 1350 liceat.
1529 1315 1601 1356 [ἧς.

72 1389 107 1421 l).
134 1397 203 1421 non
240 1387 369 1420 nostris
407 1385 672 1428 speciminibus,
713 1384 746 1416 in
784 1383 911 1425 quibus
935 1385 1065 1419 *tamen
1105 1383 1188 1414 rami
1218 1381 1458 1424 plumisormes
1492 1383 1601 1414 inter-

74 1455 155 1487 dum
193 1455 276 1486 sunt
312 1453 471 1495 latiores,
510 1450 599 1483 bene
638 1451 810 1490 congruit.
873 1449 1016 1482 Articuli
1055 1456 1229 1480 ramorum
1268 1449 1350 1480 sunt
1388 1447 1526 1480 omniuo
1564 1447 1601 1479 ut

74 1521 109 1553 in
134 1520 189 1560 fig.
215 1518 250 1552 B.

80 1683 137 1721 ll.
168 1685 204 1720 C.
236 1689 391 1719 murem
425 1679 630 1725 [Lamour.
664 1678 739 1716 Pol.
770 1676 862 1727 slew.
890 1689 929 1726 p.
961 1677 1062 1724 290)
1102 1677 1236 1715 fronde
1268 1675 1475 1726 bipellicari
1509 1674 1601 1711 ssac-

183 1756 280 1806 cida,
317 1755 494 1805 primaria
533 1764 694 1802 ramosa,
733 1752 846 1791 ramis
877 1751 1095 1802 bipinnatis,
1127 1751 1251 1800 pinnis
1282 1749 1474 1800 paululum
1507 1747 1601 1785 infra

183 1832 329 1881 apicem
369 1830 615 1868 articulorum
657 1827 939 1876 egredientibus
970 1823 1188 1874 pinnulatis,
1219 1823 1384 1874 pinnulis
1415 1822 1600 1871 simplici-

185 1907 254 1944 bus
293 1908 314 1944 Ι.
353 1901 873 1942 subdieliotomo-ramulosis
904 1899 1143 1949 capillaribus
1174 1899 1332 1937 curvatis
1364 1901 1401 1936 et
1429 1895 1602 1946 arcuatis,

184 1980 350 2019 articulis
381 1989 575 2018 ramorum
606 1977 800 2027 elliptieo-
834 1977 854 2014 l.
886 1971 1482 2022 euneato-submonilisormibus,
1514 1971 1602 2020 pin—

187 2067 319 2094 narum
369 2051 670 2102 subcompressis
721 2051 888 2089 cuneatis
942 2050 1127 2087 diametro
1178 2048 1294 2097 duplo
1348 2046 1603 2095 longioribus,

186 2130 402 2169 keramidiis
448 2124 993 2176 subgloboso-pyrisormibus,
1038 2135 1134 2172 poro
1181 2122 1382 2172 producto,
1426 2121 1601 2171 pilisero·

186 2204 440 2243 corniculantis.

169 2295 340 2329 (Iorallina
365 2291 501 2336 pilisera
528 2288 696 2323 Lamour.
723 2288 743 2320 l.
771 2298 800 2321 c.

187 2376 272 2414 Hab.
306 2378 343 2413 ln
373 2374 466 2412 mari
497 2372 647 2411 australi
679 2370 723 2408 ad
755 2382 839 2408 oras
869 2371 978 2408 Novae
1011 2368 1212 2406 {lollandiae
1243 2379 1363 2417 prope
1396 2370 1482 2405 l’ort
1504 2366 1602 2405 Ade-

78 2451 175 2490 laide
209 2450 340 2496 (llerb.
372 2447 564 2493 Sonderi).

170 2538 221 2572 Ad
247 2539 451 2579 sequentem
478 2537 633 2577 speciem
661 2537 695 2567 et
720 2534 899 2576 praecipue
926 2532 968 2564 ad
997 2530 1150 2572 ejusdem
1180 2529 1324 2562 formam
1350 2531 1394 2571 13„
1421 2538 1533 2570 neque
1561 2528 1602 2561 ad

77 2606 224 2648 priores,
252 2601 420 2634 affinitate
457 2600 648 2640 accedens,
689 2601 792 2631 inuno
819 2598 935 2631 forsan
962 2598 1034 2629 sola
1064 2594 1300 2638 polymorplue
1327 2594 1508 2627 Corallinu¹
1534 2596 1603 2626 (Iu-

79 2670 163 2702 vieri
203 2669 351 2701 varietas
391 2664 473 2707 (cfr.
512 2664 630 2705 insi-a).
691 2663 901 2705 specimina,
940 2671 1017 2704 qum
1057 2660 1135 2701 vidi,
1172 2661 1203 2692 in
1231 2659 1385 2691 Cauliniu
1412 2660 1603 2691 antarctiea

79 2734 267 2777 parasitica
304 2734 395 2775 sunt,
434 2733 488 2764 vix
527 2730 605 2771 plus
638 2736 741 2770 quam
783 2728 795 2758 ⁴l
817 2724 855 2769 Ἀ
898 2726 1088 2768 polliraria,
1125 2725 1323 2766 colorisque
1358 2733 1436 2755 iere
1463 2723 1602 2756 omnino

80 2799 161 2832 albi.
222 2798 330 2830 Frons
367 2797 563 2837 multiceps,
604 2794 852 2826 ramosissiinu.
904 2791 998 2823 nanu
1026 2799 1116 2823 nunc
1143 2789 1325 2831 liipinnuti,
1353 2798 1443 2820 nune
1471 2790 1603 2820 tantuin

80 2865 224 2906 pinnati.
286 2863 403 2895 I’innse
439 2861 508 2893 fere
536 2868 674 2901 semper
699 2858 875 2900 paululum
902 2855 988 2888 infra
1016 2856 1151 2896 apicem
1180 2858 1215 2887 et
1239 2863 1334 2895 saepe
1362 2864 1379 2885 e
1406 2853 1519 2886 medio
1546 2863 1603 2886 ar-

80 2930 265 2963 ticulorum
300 2929 407 2962 latere
441 2924 671 2966 egredientes,
706 2932 771 2965 qua
808 2922 886 2954 nota
921 2930 937 2951 a
970 2920 1127 2962 plurimis
1155 2920 1333 2962 sequentis
1361 2918 1478 2951 formis
1506 2927 1602 2963 srepe
