1895 3208
249 120 342 161 690
820 114 1205 157 Srnffinococcoineffl.
1359 137 1367 150 ·
1522 112 1778 158 Delesse-ria.

360 252 494 291 fronde
539 250 771 302 pinnatisula,
816 249 961 289 laciniis
1005 249 1159 288 domuin
1204 248 1463 299 subpetiolatis
1495 251 1778 300 oblongo—lan-

360 320 515 359 ceolatis
560 319 745 357 lacinialis
791 319 1019 368 incisisque⁷
1065 319 1169 356 venis
1213 330 1231 356 a
1275 321 1379 356 costa
1423 319 1576 358 alternis
1622 324 1779 358 erecto-

356 386 572 436 patentibus
603 390 725 426 costas
756 387 928 425 lacinulis
959 387 1223 425 efficientibus.

340 464 539 497 Delesseria
570 463 700 498 Davisii
733 464 842 498 Hoolc.
876 466 909 497 et
941 463 1050 497 Harv.
1076 464 1096 497 l.
1123 475 1153 498 c.
1180 466 1213 498 et
1239 463 1356 508 Crypl.
1383 466 1537 499 antarcc.
1561 475 1594 508 p.
1623 466 1688 500 464
1714 464 1781 499 cab.

249 521 417 556 CLXXV!
440 521 541 556 Kulz.
567 532 619 566 sp.
639 533 675 567 p.
702 523 786 557 878!
814 521 922 556 Harv.
949 521 1033 557 Ner.
1060 524 1174 557 auslr.
1196 533 1231 567 p.
1261 525 1336 556 445.

359 594 445 632 llab.
479 594 515 631 in
548 595 642 632 mari
674 596 826 633 australi
858 595 902 633 ad
935 598 1020 644 Cap.
1054 598 1154 633 Horu
1174 600 1211 633 et
1233 597 1373 634 Insulas
1392 596 1564 634 Falkland
1582 597 1782 644 (llooker).

340 674 450 707 Frons
477 672 750 715 5—7—unciaiis‚
778 681 889 716 rosea,
917 672 1198 717 membranacea,
1224 673 1301 706 basi
1328 674 1361 706 in
1389 674 1524 707 caulem
1551 673 1691 706 brevem
1720 672 1784 704 ab-

249 734 350 776 rupte
384 734 574 776 attenuata,
606 733 937 773 circumscriptione
970 732 1038 764 late
1065 734 1178 775 ovata,
1205 733 1239 764 in
1265 733 1412 765 lacinias
1438 732 1670 775 perplurimas
1697 733 1785 764 sim-

249 793 360 834 plices
389 792 441 823 vel
467 792 616 834 partitas
643 791 795 823 alternas
822 791 944 823 divisa.
994 789 1144 823 Laciniae
1172 790 1483 834 3-4-pollioares‚
1507 791 1558 823 ala
1575 791 1785 823 decurrente

250 852 359 882 costae
396 850 572 892 primaria}
610 850 758 892 adnatae,
798 849 936 882 demum
965 849 1164 892 subliberae,
1192 846 1609 882 ”cultrato-lanceolatae''
1644 849 1786 891 oblique

250 910 410 952 costam,
448 909 482 940 in
520 908 690 941 lacinulas
729 916 935 940 numerosas
975 910 1281 949 erecto-patentes
1322 908 1474 940 alternas
1516 908 1658 949 incisae3
1691 907 1788 938 venis

250 965 393 997 alternis
421 974 438 997 a
473 968 572 998 costa
605 967 743 999 laciniae
775 967 818 999 ad
850 967 1021 999 lacinulas
1053 966 1335 1000 excurrentibus.
1400 967 1576 1000 Lacinulae
1616 967 1789 1006 oblongo-

250 1024 457 1056 lanceolatae
483 1024 685 1068 subincisae‚
716 1023 853 1069 ½—½‚
879 1027 1020 1059 unciam
1045 1026 1137 1059 latae.
1189 1025 1336 1058 Fructus
1363 1026 1516 1059 nondum
1543 1025 1730 1058 observati.

345 1082 426 1116 Haec
453 1085 593 1126 species
621 1083 739 1117 forsan
765 1085 799 1116 in
827 1084 952 1117 vicinia
978 1084 1019 1116 D.
1047 1084 1148 1117 alatae
1176 1086 1306 1117 rectius
1334 1084 1564 1127 disponenda.

678 1242 745 1275 Η
783 1243 904 1285 Venis
937 1255 964 1285 a
994 1247 1114 1285 costa
1143 1245 1359 1296 oppositis.

259 1346 317 1387 45.
350 1351 388 1387 D.
419 1356 602 1386 rnuiiuATA
635 1347 836 1397 (Delapyl.
878 1351 1015 1396 mscri)
1056 1349 1203 1388 frondis
1242 1352 1393 1387 costatae
1436 1349 1611 1400 opposite
1643 1360 1791 1388 venosae

365 1417 466 1456 soliis
496 1416 667 1455 obovatis
699 1417 948 1468 pinnatifidis,
986 1418 1134 1456 laciniis
1166 1418 1367 1456 enervibus
1399 1421 1463 1455 aut
1493 1420 1595 1456 costa
1628 1429 1792 1467 superne

366 1489 617 1524 evanescente
654 1486 844 1534 percursis
883 1486 1024 1524 sensim
1067 1487 1251 1535 separatis
1293 1487 1419 1525 foliola
1450 1487 1605 1536 propria
1636 1487 1793 1525 lineari-

369 1554 532 1602 oblonga
564 1557 706 1591 serrata
737 1557 774 1590 et
804 1554 957 1592 sinuosa
990 1555 1325 1605 constituentibus,
1341 1555 1437 1598 soris
1456 1555 1493 1592 in
1514 1555 1670 1593 fimbriis
1687 1567 1793 1593 mar-

367 1622 553 1671 ginalibus
595 1622 713 1660 acutis
752 1626 938 1671 acuteque
970 1623 1134 1661 dentatis
1164 1623 1414 1675 subgefflnis,
1443 1623 1623 1661 coccidiis
1654 1623 1691 1660 in
1724 1635 1794 1672 pa-

367 1690 607 1738 rencliymate
639 1689 787 1728 frondis
817 1691 1024 1730 sessilibus.

366 1769 455 1808 Hal).
500 1769 536 1807 in
583 1780 730 1807 oceano
778 1770 920 1808 arctico
966 1770 1010 1807 ad
1057 1773 1328 1808 Terre-neuve
1374 1772 1449 1817 (De
1481 1771 1514 1809 la
1544 1771 1727 1820 Pylaie!);
1759 1770 1794 1808 in

256 1836 351 1874 mari
382 1837 587 1874 Ochotensi
619 1839 994 1886 (Wosnessenskyl).

350 1913 424 1948 Del.
452 1915 607 1947 sinuosae
633 1915 803 1959 proxima,
831 1916 931 1957 cujus
952 1918 1012 1950 aut
1038 1917 1200 1960 varietas,
1227 1918 1286 1950 aut
1301 1918 1337 1950 ut
1352 1916 1563 1949 crediderim
1578 1919 1716 1960 species
1731 1927 1796 1960 pa-

258 1975 388 2018 rallela,
415 1972 645 2018 sequentihus
672 1972 812 2006 differre
839 1974 923 2007 milii
951 1975 1103 2009 videtur:
1131 1976 1330 2018 Apparatus
1345 1976 1507 2009 radicalis
1522 1975 1684 2016 fibrosus,
1699 1975 1797 2009 fibris

258 2035 293 2066 in
310 2033 424 2066 foliola
452 2041 540 2066 nova
566 2032 622 2065 hic
648 2033 719 2065 illic
747 2033 970 2068 abeuntibus.
1022 2034 1137 2078 Costa,
1163 2043 1242 2077 quae
1268 2036 1424 2077 stipitem
1450 2035 1529 2076 plus
1556 2035 1670 2067 minus
1697 2036 1798 2068 elon-

258 2095 377 2133 gatum
414 2092 606 2135 continuat,
644 2095 699 2125 est
736 2092 849 2136 plana,
877 2092 1012 2126 inferne
1038 2102 1164 2135 parum
1196 2102 1327 2137 crassa,
1354 2102 1507 2136 superne
1533 2095 1591 2126 vix
1617 2095 1797 2127 minimum

260 2160 364 2194 supra
390 2149 627 2193 parenchyma
655 2150 800 2193 elevata,
834 2151 1019 2184 latiusoula
1046 2155 1081 2184 et
1106 2161 1229 2195 parum
1255 2153 1414 2193 margine
1440 2152 1592 2196 definita,
1629 2153 1663 2185 in
1691 2162 1798 2195 supe—

259 2212 351 2244 riore
388 2210 528 2242 demum
566 2210 665 2250 parte
701 2218 918 2243 evanescens
951 2213 987 2242 et
1019 2212 1161 2244 omnino
1189 2211 1358 2244 obsoleta.
1408 2211 1511 2244 Nervi
1537 2212 1735 2244 secundarii
1764 2213 1797 2245 in

255 2269 400 2310 juvenili
438 2269 556 2310 planta
596 2269 653 2301 vix
691 2271 750 2301 aut
785 2278 908 2310 parum
936 2271 1131 2314 conspicui,
1168 2271 1202 2303 in
1235 2269 1353 2303 adulta
1380 2270 1624 2315 evidentiores,
1651 2272 1798 2304 acutiori

261 2330 386 2371 angulo
426 2338 530 2370 quam
567 2328 600 2360 in
643 2327 681 2360 D.
719 2329 863 2360 sinuosa
901 2329 1138 2369 egrediuntur.
1200 2329 1235 2361 ln
1273 2329 1392 2371 planta
1425 2327 1597 2371 sporisera
1624 2330 1798 2369 margines

262 2389 370 2421 dense
411 2386 576 2420 timbriati
614 2385 740 2428 phyllis
779 2388 922 2421 minutis
949 2389 1062 2420 acutis
1094 2389 1240 2420 acuteve
1271 2389 1424 2421 dentatis
1451 2390 1510 2420 aut
1536 2389 1624 2429 ipsis
1651 2388 1798 2422 fimbriis

262 2446 504 2480 consimilibus
544 2453 641 2486 saepe
680 2446 855 2487 oppositis
893 2444 1089 2479 fimbriatis.
1152 2446 1382 2489 Sporophylla
1424 2446 1501 2480 liaec
1538 2447 1582 2479 ad
1615 2450 1800 2488 utrumque

263 2505 352 2538 latus
378 2505 452 2537 axis
478 2503 602 2536 idealis
628 2503 865 2537 subdenudati
894 2513 995 2537 soros
1024 2506 1186 2547 utrinque
1212 2506 1369 2546 singulos
1397 2506 1510 2547 (etita
1526 2507 1559 2539 in
1576 2505 1799 2548 sporophyllo

264 2564 474 2603 geminatos)
508 2563 659 2595 formare
693 2562 853 2595 tendunt.
912 2562 1143 2605 Sporophylla
1180 2572 1199 2596 a
1232 2567 1331 2597 costa
1357 2563 1570 2604 egredientia
1600 2564 1693 2597 nulla
1719 2563 1799 2596 vidi.

263 2622 426 2654 Coccidia
452 2623 486 2654 in
511 2622 694 2663 superiore
720 2624 820 2664 parte
846 2622 1063 2665 laciniarum‚
1090 2624 1124 2655 in
1151 2623 1228 2665 ipso
1256 2623 1530 2666 pareucbymate
1556 2624 1705 2656 sessilia.

356 2679 396 2711 D.
421 2681 566 2712 sinuosa
599 2680 689 2720 gerit
713 2688 815 2712 soros
849 2689 954 2722 supra
981 2689 1105 2713 venam
1133 2682 1300 2722 marginis
1328 2683 1387 2713 aut
1412 2681 1446 2713 in
1472 2680 1596 2723 phyllis
1623 2680 1798 2720 margina-

264 2735 355 2769 libus
382 2745 576 2780 expansos·7
603 2737 678 2771 liaeo
705 2737 930 2781 sporophylla
956 2742 1038 2771 sunt
1063 2739 1143 2780 plus
1170 2740 1286 2772 minus
1312 2738 1439 2772 obtusa
1465 2740 1500 2771 et
1513 2748 1632 2772 sorum
1646 2739 1799 2781 unicum,

266 2796 322 2835 qui
349 2795 485 2828 discum
519 2799 681 2840 occupat,
715 2798 890 2838 gerentia,
925 2797 1150 2840 sporophylla
1176 2797 1323 2830 oostalia
1350 2806 1418 2830 una
1443 2806 1522 2830 cum
1549 2794 1799 2836 marginalibus

266 2852 338 2883 sere
379 2862 517 2894 semper
554 2854 691 2888 adsunt.
755 2854 920 2888 Coccidia
959 2855 1003 2888 ad
1035 2864 1158 2888 venam
1185 2855 1384 2889 evidentem
1410 2855 1536 2889 adnata
1562 2856 1655 2898 sunt,
1682 2855 1740 2886 aut
1765 2854 1800 2885 in

268 2910 343 2952 ipsu
368 2910 490 2945 fronde
517 2915 576 2946 aut
601 2914 732 2955 saepius
757 2914 792 2946 in
816 2911 944 2955 phyllis
971 2915 1143 2956 separatis
1170 2914 1363 2948 costalibus
1390 2913 1443 2947 vel
1470 2910 1729 2952 marginalibus.
