1895 3208
258 131 350 173 702

348 263 456 296 Frons
491 262 803 307 sesquipollicaris,
841 271 1060 306 compressa,
1094 265 1304 297 articulatim
1337 267 1539 310 constricta,
1568 273 1585 296 e
1613 266 1788 299 stricturis

256 331 403 364 ramosa,
441 320 707 353 «li-tricliotoma
743 321 930 365 fastigiata,
965 322 1167 355 flabellatun
1202 333 1370 367 expansa,
1397 327 1522 366 pagina
1550 325 1713 358 inferiore
1745 325 1788 357 ad

255 383 454 414 stricturam
492 388 666 421 quamque
703 379 899 421 appendice
936 382 1120 414 instructa.
1176 383 1319 415 Articuli
1360 383 1550 416 adultiores
1576 384 1702 417 lineam
1729 383 1789 415 lati

255 445 289 475 et
314 444 333 473 ⁶2
361 442 471 473 lineas
497 439 640 472 circiter
665 439 769 480 longi,
791 439 951 480 juniores
977 441 1198 481 angustiores
1225 441 1442 482 longitudine
1469 441 1540 474 sere
1567 443 1788 483 eadem3quo

256 500 445 532 adultiores
481 507 520 530 eo
554 499 665 538 magis
692 500 885 539 compressi
920 501 954 531 et
990 499 1061 530 sere
1087 500 1192 542 plani,
1219 500 1559 542 elliptico-oblongi3
1587 500 1787 533 terminales

256 558 473 592 teretiusculi
513 558 714 592 acuminati.
774 556 870 589 Rami
910 559 942 590 in
982 558 1075 591 idem
1112 559 1253 600 planum
1289 558 1359 591 lere
1387 560 1548 601 expansi,
1577 559 1679 592 simul
1707 566 1788 590 vero

254 627 332 650 cum
360 617 413 649 liis
440 625 482 649 ex
510 617 673 650 strictura
700 618 912 659 proveniunt
938 618 1164 659 appendices,
1193 626 1338 660 quorum
1367 617 1561 661 inferiores,
1587 618 1789 660 quiplantae

256 676 364 708 fulcro
398 677 601 718 inserviant,
639 678 803 708 constant
841 677 987 709 articulo
1027 676 1164 716 singulo
1192 679 1226 708 et
1252 677 1420 719 adparatu
1459 677 1599 718 proprio
1634 677 1790 716 scutato·⁷

253 735 466 777 superiores,
506 735 563 776 qui
602 734 679 766 aliis
719 734 927 776 corporibus
965 735 1119 768 nondum
1159 735 1287 768 suerint
1313 736 1427 779 adfixi,
1455 735 1601 768 articulo
1628 737 1791 768 constant

230 793 368 835 ·unico,
396 794 497 834 apice
526 793 744 834 expansione
771 795 895 826 conico
923 795 1078 836 capitati,
1106 793 1260 835 phallum
1288 794 1491 827 reserentes.
1526 794 1790 837 Spliaerosporae

253 852 284 883 iu
324 851 467 884 ramulis
505 853 610 884 unico
652 852 799 884 articulo
840 853 1085 886 constantibus
1124 853 1198 886 fere
1234 855 1393 886 obovatis
1422 854 1638 896 evolvuntur,
1666 862 1789 886 zonam

252 910 524 942 transversalem
551 910 656 942 medii
683 911 820 944 articuli
847 913 1028 953 praecipue
1056 914 1284 953 occupantes.
1318 911 1419 945 Color
1434 912 1584 945 obscure
1600 912 1790 944 violaceus.

252 967 388 1001 Chartae
425 977 547 1009 parum
589 969 755 1002 adhaeret.
819 969 1002 1004 Structura
1040 972 1192 1011 generis.
1257 970 1411 1004 Stratum
1449 972 1624 1004 internum
1652 971 1791 1003 constat

251 1029 318 1061 filis
345 1029 538 1061 articulatis
566 1030 912 1063 anastomosantibus
939 1030 1239 1071 longitudinaliter
1264 1033 1431 1073 extensis,
1448 1032 1535 1063 intra
1552 1029 1790 1062 membranam

252 1086 424 1129 hyalinam
463 1087 700 1120 endochroma
739 1089 961 1121 articulatum
1004 1089 1221 1131 foventibus,
1261 1089 1496 1132 peripheriam
1525 1099 1646 1122 versus
1675 1091 1707 1122 in
1734 1089 1790 1121 sila

252 1147 500 1179 transversalia
526 1147 771 1180 monilisormia
798 1147 945 1191 abeunt,
972 1148 1240 1191 sphaerosporas
1268 1150 1358 1181 inter
1384 1148 1460 1181 haec
1487 1148 1645 1180 evolutas
1664 1147 1789 1179 oblon-

252 1214 314 1246 gas
355 1206 434 1248 vidi,
472 1214 646 1248 nusquam
684 1206 794 1238 bene*
813 1206 961 1249 divisas,
999 1208 1102 1240 unico
1130 1209 1265 1240 tanturn
1291 1208 1370 1240 loco
1398 1208 1604 1241 divisionem
1631 1207 1789 1239 zonatam

252 1264 516 1306 deprehendere
543 1265 689 1298 credidi.

346 1322 492 1364 Species
523 1324 599 1356 sine
634 1323 741 1357 dubio
774 1325 974 1369 Catenellae,
1009 1334 1086 1359 cum
1114 1325 1346 1359 Lomentariae
1373 1325 1562 1368 speciebus
1589 1334 1674 1359 sane
1698 1325 1790 1359 haud

252 1381 501 1419 consocianda.
552 1381 655 1415 Color
681 1386 716 1415 et
741 1385 925 1417 crescendi
953 1385 1077 1418 modus
1100 1384 1172 1426 jam
1199 1383 1570 1428 Catenellamindicat,
1588 1384 1680 1428 quod
1695 1387 1790 1417 stru-

252 1444 351 1475 ctura
378 1441 563 1475 observata
589 1443 628 1474 tit
654 1442 970 1477 evidentissimum.

252 1558 333 1597 pag.
366 1545 444 1584 355
477 1547 681 1586 inseratur:

255 1626 311 1665 lm.
345 1630 551 1664 RuAssnoNiA
582 1636 792 1665 nivitrucArA
827 1627 988 1672 (Forslc.
1022 1627 1079 1667 Fl.
1112 1628 1201 1676 AEq.
1235 1628 1354 1669 Arab.
1384 1639 1420 1677 p.
1457 1627 1552 1674 492)
1585 1629 1790 1668 flavescens

364 1695 500 1733 fronde.
532 1706 751 1745 compressa
784 1696 915 1734 lineari
948 1697 1166 1735 dieliotoina
1198 1701 1235 1734 et
1264 1698 1411 1747 apicem
1441 1708 1570 1735 versus
1588 1697 1792 1735 lateraliter

363 1763 566 1814 ramulosa,
599 1764 753 1801 ramulis
782 1776 800 1802 a
834 1765 1005 1812 margine
1037 1765 1323 1813 egredientibus
1355 1765 1432 1803 basi
1450 1765 1664 1803 constrictis
1682 1765 1790 1814 apice

362 1831 576 1870 attenuatis.

346 1896 459 1930 Fucus
486 1897 700 1931 divaricatus
727 1897 851 1932 Forsk.
878 1899 900 1932 l.
927 1899 992 1933 c.!!

362 1957 450 1996 Ilab.
482 1957 526 1995 ad
559 1959 915 2008 Constantinopolin
948 1960 1198 2006 (Foi-skaall).

346 2032 586 2078 ’'Flavescens,
629 2035 932 2079 membranaceus,
970 2036 1202 2079 dichotomus,
1235 2038 1387 2081 linearis,
1415 2038 1575 2080 apicibus
1601 2037 1791 2071 multilaci-

251 2092 391 2128 niatis.”
442 2093 687 2134 Fragmentum
714 2095 783 2127 vidi
812 2095 1035 2138 3-pollicare,
1066 2098 1228 2130 crassitie
1254 2098 1380 2130 lineam
1408 2098 1586 2131 dimidiam
1609 2097 1790 2131 latitudine

253 2163 376 2197 parum
402 2162 586 2195 superans.
636 2153 743 2186 Frons
770 2156 804 2186 in
831 2154 896 2187 hoc
924 2163 1129 2197 compressa
1156 2158 1190 2188 et
1216 2157 1456 2189 exsiccatione
1482 2156 1648 2199 collapsa,
1665 2164 1790 2198 aquam

256 2214 355 2245 avide
381 2213 556 2245 imbibens
582 2214 617 2244 et
642 2214 837 2245 sectionem
864 2214 1135 2247 transversalem
1151 2215 1285 2247 ovalem
1305 2214 1469 2259 offerens,
1485 2215 1599 2248 medio
1616 2214 1789 2256 tubulosa,

255 2273 338 2305 tubo
377 2273 442 2306 filis
480 2271 826 2305 anastomosautibus
870 2272 959 2304 laxis
998 2281 1181 2315 percurso.
1251 2273 1404 2306 Stratum
1445 2274 1565 2306 tubum
1605 2273 1789 2306 includens

255 2331 390 2363 cellulis
419 2331 553 2372 magnis
580 2331 967 2371 rotundato-angulatis
995 2334 1218 2375 contextum,
1244 2333 1298 2366 11ae
1321 2333 1456 2366 cellulffi
1471 2333 1789 2375 superficiemver-

255 2399 315 2422 sus
342 2391 474 2422 sensim
501 2391 654 2422 minores
681 2390 776 2432 fiunt,
805 2390 885 2422 dum
911 2390 1144 2431 peripliericae
1165 2392 1378 2424 verticaliter
1393 2391 1553 2431 oblongae
1568 2389 1788 2431 subsiniplici

256 2449 346 2480 serie
381 2448 625 2490 disponuntur.
685 2449 775 2481 luter
801 2449 876 2482 haec
902 2449 1163 2491 sphaerosporae
1190 2451 1281 2494 sitae,
1308 2450 1468 2492 plurimae
1494 2451 1527 2482 in
1557 2449 1699 2482 ramulis
1727 2457 1790 2489 ag—

256 2509 422 2551 gregatae,
449 2516 597 2549 maguae,
626 2509 757 2550 ovales,
783 2509 936 2541 zonatim
963 2509 1098 2542 divisae.

257 2623 336 2659 pag.
369 2610 461 2660 375,
495 2612 593 2650 iuter
624 2612 923 2660 [lliodymeuieas
954 2612 1051 2650 adde
1083 2615 1226 2651 Genus:

257 2690 441 2762 Lvlsl·
482 2690 928 2743 CORDYLECLADIA
956 2710 989 2748 J.
1020 2711 1086 2758 Ay.
1108 2721 1222 2748 mser.
1254 2708 1464 2747 Gracilariae
1488 2720 1541 2758 sp.
1561 2705 1733 2747 Grevz'lle
1750 2709 1789 2743 et

368 2780 479 2816 Auct.
513 2779 701 2830 Plocariae,
732 2779 931 2827 Gigartinae
962 2782 1000 2817 et
1029 2777 1290 2828 Spliaerococci
1321 2789 1376 2826 sp.
1406 2779 1517 2814 Aucc.

260 2857 375 2894 Frons
406 2857 594 2895 lilisormis
624 2857 787 2906 subvage
820 2868 967 2896 ramosa
1005 2855 1453 2906 carnoso-cartilaginea,
1483 2853 1631 2891 duobus
1663 2849 1786 2889 stratis

368 2924 589 2963 cellularum
621 2929 815 2976 contexta,
848 2926 1032 2964 interiore
1064 2921 1413 2970 cellulis-oblongis
1438 2919 1786 2970 loussitmlinalibus,
