1895 3208
55 136 310 182 Gracilaria.
635 138 1014 183 SPHAEROCOCCOIDEAE.
1479 144 1505 183 5
1514 143 1571 183 99

158 271 244 309 Hal).
277 270 314 307 in
345 283 490 310 oceano
521 273 697 311 atlantico
726 272 770 309 ad
803 271 1113 311 Pernambucco?
1145 273 1231 321 (llb.
1263 272 1539 321 Arescliougl).

141 347 294 381 Frondes
321 356 339 380 a
365 349 482 382 radice
508 353 645 383 scutata
671 350 800 392 plures,
828 350 1082 392 erectiusculze,
1109 350 1252 392 pedales
1269 351 1430 384 crassitie
1446 350 1570 382 calami

48 408 234 449 scriptorii,
272 409 410 450 teretes,
449 408 618 440 distanter
645 417 803 441 ramosa).
863 407 958 441 Rami
997 409 1294 450 2—3-pollicares
1335 408 1571 449 irregulariter

49 465 281 508 unitaterales,
309 465 459 498 ramulos
486 465 766 497 subsecundatos
793 466 1004 498 emittentes.
1059 465 1190 497 llamuli
1217 466 1403 507 pollicares
1431 467 1570 508 simpli-

48 524 204 566 ciusculi,
229 525 395 556 caeterum
423 525 528 555 ramis
562 523 771 565 conformes,
798 523 911 555 medio
939 522 1038 554 valde
1066 524 1260 559 incrassati,
1287 523 1361 555 basi
1390 523 1571 556 evidenter

47 581 226 614 constricti
254 580 424 622 apiceque
451 579 575 612 obtuso
603 582 783 613 attenuati.
832 579 1025 612 Madesacta
1053 589 1199 613 carnosa
1215 583 1249 613 et
1263 580 1405 624 fragilis,
1434 582 1575 614 ramulis

47 639 89 672 ad
115 641 228 672 ort-um
254 638 356 671 facile
381 637 642 679 delabentibus,
669 639 857 670 exsiccatae
884 638 1078 671 substantia
1106 647 1234 671 cornea
1261 642 1295 671 et
1320 640 1416 672 color
1437 640 1575 672 lividus.

140 697 219 730 Hoec
253 699 288 729 et
318 696 561 739 praecedentes
593 697 732 737 species
765 697 905 729 nomine
937 695 1017 729 Fuci
1058 696 1214 737 Wriglitii
1242 698 1274 729 in
1302 697 1571 731 collectionibus

47 757 247 799 obveniunt,
275 764 293 787 a
319 763 399 787 vera
434 755 553 796 specie
590 753 812 797 Turneriana,
845 756 882 787 ut
913 754 1002 788 banc
1035 755 1202 798 intelligo,
1236 765 1355 788 revera
1393 756 1494 797 longo
1521 757 1576 789 di-

46 825 170 849 versae.
219 814 314 847 Hanc
340 814 431 846 enim
458 813 608 854 planam,
635 812 714 844 binc
740 813 1038 854 longitudinaliter
1065 813 1341 857 canaliculatam,
1369 814 1463 847 illinc
1490 823 1576 847 con-

52 883 184 917 vexam,
219 873 304 907 dicit
334 871 520 913 Turnerus,
554 871 646 913 quod
673 872 706 903 in
733 872 871 913 species
898 871 1141 913 praecedentes
1170 874 1310 916 teretes,
1338 874 1575 905 exsiccatione

51 933 204 966 sulcatas
231 933 317 973 (non
345 929 611 969 canaliculatas)
640 928 730 961 band
759 930 918 972 quadrat.

54 1057 112 1096 48.
142 1061 202 1096 GR.
235 1060 406 1096 Wmcnru
440 1057 584 1102 (Turn.
626 1056 725 1094 Hisc.
767 1055 844 1094 tab.
895 1055 991 1104 448)
1031 1056 1167 1094 fronde
1205 1067 1327 1095 crassa
1360 1067 1576 1106 compressa

159 1129 196 1162 et
225 1125 406 1174 subplana
437 1124 682 1162 canaliculata
708 1135 1036 1162 carnoso-cornea
1055 1125 1576 1174 decomposito-dicbotoma,

157 1192 363 1241 segmentis
403 1191 683 1241 patentissimis,
723 1190 983 1228 terminalibus
1024 1190 1167 1228 obtusis
1209 1195 1272 1228 aut
1317 1190 1577 1240 emarginato-

157 1260 379 1310 divaricatis,
411 1258 590 1297 coccidiis
621 1258 836 1296 lateralibus
867 1258 1171 1307 liemispbaericis.

139 1337 253 1371 Fucus
279 1336 436 1378 Wrigbtii
467 1335 571 1369 Turn.
598 1333 684 1368 Hist.
714 1333 793 1369 Fue.
821 1333 889 1368 tal).
917 1335 992 1368 448.

141 1396 296 1429 Plocaria
334 1395 477 1436 Wrigbti
510 1393 619 1428 Mont.
652 1393 701 1427 Pe.
733 1393 815 1427 Cell.
849 1392 952 1427 Etot.
978 1392 1039 1426 11⁷.
1068 1403 1104 1437 p.
1138 1394 1192 1428 46.
1219 1396 1251 1428 el
1276 1393 1357 1439 Puq.
1386 1392 1455 1438 Alq.
1489 1393 1576 1427 Yem.

46 1467 82 1492 n.
111 1456 166 1489 lt!
196 1454 301 1496 (excl.
328 1454 422 1496 syn.)

140 1513 312 1546 Chondria
338 1511 496 1552 Wrightii
522 1510 580 1554 Ay.
605 1509 660 1554 Sp.
687 1509 757 1554 Δίῃ.
780 1519 815 1554 p.
843 1510 926 1543 304!
953 1510 1061 1552 (excl.
1089 1511 1184 1553 syn.)

139 1573 329 1606 Laurencia
356 1570 515 1611 Wrigbtii
540 1568 644 1603 Ii't‘tlz.
670 1579 721 1612 sp.
744 1579 780 1612 p.
807 1569 890 1601 857!

139 1631 280 1664 ‘?Fucus
307 1629 433 1662 debilis
459 1627 582 1662 Forsls.
609 1627 658 1661 Fl.
684 1627 764 1671 AEq.
790 1626 893 1660 ΑΜΖ).
913 1636 949 1670 p.
978 1627 1056 1659 llOl.

157 1714 244 1751 llab.
285 1714 322 1751 in
361 1713 454 1750 mari
495 1711 628 1760 rubr03
667 1711 710 1749 ad
745 1711 901 1748 insulam
933 1710 1157 1759 lllartinique
1189 1711 1300 1749 lndioe
1333 1701 1576 1750 occidentalis

48 1781 314 1832 (auperroyl),

139 1870 247 1903 Frons
287 1869 376 1902 elata
414 1868 715 1910 3-5-pollicaris,
758 1866 896 1912 ‘'Vs-2
935 1868 1044 1901 lineas
1083 1868 1161 1910 lata,
1200 1870 1236 1900 et
1272 1865 1312 1911 Ἀ
1351 1867 1422 1901 sere
1451 1868 1576 1900 lineam

48 1938 178 1971 crassa,
205 1927 399 1961 madefacta
425 1927 785 1970 plano-canaliculata
813 1926 872 1969 (Ι),
901 1927 1139 1959 exsiccatione
1163 1928 1307 1967 insuper
1333 1935 1470 1969 rugosa,
1497 1935 1576 1959 car-

47 1989 376 2029 tilagineo-cornea.
407 1984 502 2017 Rami
529 1984 727 2017 conformes
754 1985 979 2025 irregularius
1006 1984 1207 2026 dicliotomi,
1235 1985 1347 2017 axillis
1362 1984 1575 2026 patentibus,

48 2049 107 2080 aut
138 2045 391 2087 patentissimis
429 2044 462 2076 in
495 2044 687 2083 segmentis
721 2042 935 2075 lateralibus.
987 2041 1173 2082 Segmenta
1203 2042 1395 2074 terminalia
1423 2042 1575 2084 dilatata,

48 2104 232 2138 rotundat-a
267 2104 326 2135 aut
358 2103 528 2144 truncata,
557 2110 636 2133 mox
662 2100 1004 2141 emarginato—bissda
1033 2100 1233 2133 divaricata.
1280 2100 1454 2141 Margines
1476 2109 1575 2142 soepe

46 2161 292 2205 prominentiis
329 2161 471 2192 minutis
511 2160 700 2192 verrucosi.
725 2177 769 2182 —
795 2158 918 2191 Nostra
955 2160 1147 2201 specimina
1174 2159 1386 2202 decolorata,
1414 2168 1455 2191 ex
1483 2168 1575 2191 ‹vru-

48 2221 417 2263 ginoso-lutescentia,
457 2219 574 2252 colore
616 2218 686 2250 fore
713 2227 815 2251 cerae.
867 2217 1013 2251 Habitus
1039 2217 1202 2250 Cliondri.
1251 2218 1403 2250 Stratum
1431 2218 1576 2250 interius

47 2282 82 2312 in
110 2279 229 2311 fronde
264 2278 380 2311 adulta
415 2278 548 2310 cellulis
580 2278 791 2320 permagnis,
828 2277 958 2309 crassis
984 2276 1178 2317 parietibus
1205 2277 1369 2308 flexuosis
1395 2277 1575 2309 instructis

48 2340 198 2371 constat.
222 2337 374 2370 Stratum
390 2337 648 2378 peripliericum
663 2335 798 2368 cellulis
826 2334 1043 2366 radiatim-in
1071 2334 1125 2366 sila
1148 2334 1325 2366 verticalia
1347 2333 1526 2374 dispositis
1542 2335 1577 2364 et

49 2395 332 2429 anastomosibus
359 2396 507 2427 invicem
533 2394 730 2435 conjunctis
757 2393 986 2425 constitutum
1014 2393 1085 2433 est,
1111 2392 1144 2423 in
1171 2390 1292 2423 fronde
1313 2390 1456 2431 juvenili
1483 2390 1576 2422 velut

49 2458 83 2488 et
101 2452 278 2486 fructifera
305 2455 452 2485 stratum
478 2452 735 2494 periphericum
764 2452 874 2491 magis
889 2450 1064 2482 evolutum
1080 2449 1242 2489 majorem
1258 2451 1392 2490 partem
1408 2449 1574 2480 sectionis

49 2511 294 2546 transversalis
321 2519 495 2552 occupare
523 2511 669 2542 ridetur.
718 2508 880 2541 Coccidia
908 2509 998 2544 (sec.
1023 2506 1226 2547 Montagno)
1247 2506 1402 2539 lateralia
1418 2515 1574 2539 convexa

50 2573 149 2614 apice
189 2569 357 2610 depressa
397 2571 432 2601 et
464 2568 603 2600 demum
631 2566 823 2608 perforata,
850 2566 1083 2607 pericarpium
1110 2573 1188 2597 cum
1214 2567 1324 2597 strato
1351 2563 1572 2606 periplierico

50 2629 182 2663 frondis
217 2629 391 2660 structura
426 2626 600 2658 convenit.
656 2624 725 2656 Fila
758 2622 1008 2664 gemmidiisera
1041 2631 1057 2654 a
1095 2622 1255 2664 placenta
1290 2622 1457 2655 cellulosa
1486 2632 1575 2664 quo-

51 2695 261 2730 quoversum
288 2685 466 2726 radiantia,
493 2683 674 2716 articulata
702 2684 736 2714 et
761 2689 909 2714 ramosa.
960 2679 1150 2712 Gemmidia
1180 2680 1214 2712 in
1241 2679 1398 2712 articulis
1413 2680 1574 2722 superio-

51 2746 147 2778 ribus
174 2745 310 2778 evoluta
337 2739 723 2784 oblongo—pyrisormia.

143 2803 267 2836 Nostra
293 2801 486 2844 specimina
515 2801 549 2831 et
579 2797 790 2839 Montagnei,
822 2797 858 2829 ut
883 2804 925 2828 ex
951 2794 1072 2828 eodem
1100 2794 1193 2828 sonte
1219 2796 1473 2838 provenientia,
1498 2796 1573 2828 sine

53 2862 157 2895 dubio
185 2859 423 2901 congruentia.
487 2857 640 2890 Plantam
667 2865 685 2888 e
712 2856 796 2887 mari
825 2854 927 2887 rubro
954 2862 1021 2887 non
1049 2853 1130 2886 vidi.
1189 2852 1300 2886 Locus
1339 2854 1462 2886 natalis
1488 2862 1573 2895 spe-

53 2922 141 2954 ciem
184 2919 358 2953 diversam
395 2924 479 2950 sanc
517 2914 698 2956 suaderet,
735 2914 942 2947 auctoritate
981 2915 1097 2945 autem
1135 2911 1351 2955 Montagnei,
1389 2912 1447 2954 qui
1484 2911 1572 2945 banc
