1895 3208
265 141 323 180 46
332 140 358 180 6
928 135 1126 179 Gmamsffi.
1584 136 1800 185 Gelidium.

260 268 522 324 LXXIV.
566 270 833 322 GELIDIUM
869 288 903 326 J.
935 290 1001 336 Ay.
1033 288 1113 337 Alq.
1146 289 1241 327 med.
1258 301 1295 337 p.
1319 290 1387 328 lat
1408 291 1521 338 (exet.
1539 295 1617 341 sp.)
1638 294 1799 333 Advers.

372 371 409 406 p.
445 358 504 394 412.
536 358 657 395 Mont.
692 357 818 395 Bonit.
850 368 887 404 p.
918 354 983 396 72,
1012 356 1067 395 Fl.
1086 356 1167 405 Alq.
1183 368 1221 405 p.
1246 357 1330 395 «104.
1362 359 1570 408 Gelidiisp.
1590 360 1802 409 Lamour.;

375 426 514 471 Grev.;
545 423 659 463 EmIl.
693 425 787 461 Gen.
821 423 873 461 Pl.
906 423 1034 472 suppl.
1073 423 1140 462 m.
1171 435 1207 472 p.
1243 424 1303 462 Μ.
1335 427 1567 475 Acrocarpus
1598 431 1635 464 et
1666 429 1802 466 Gelidii

370 506 423 543 sp.
469 495 583 531 Ii'z'c‘lz.
626 491 779 541 Plzycol.
823 493 917 530 Gen.
954 504 992 540 p.
1034 491 1121 530 406.
1161 494 1223 540 Sp.
1260 503 1297 541 p.
1331 491 1420 531 763.
1453 494 1715 542 Spliaerococei
1747 508 1800 546 sp.

371 563 438 609 Ay.
470 564 509 599 et
539 563 651 599 Aucc.

259 646 378 680 Frons
424 652 468 677 ex
514 639 626 686 tereti
672 650 812 688 anceps
857 638 1044 687 pinnatim
1089 638 1366 690 decomposita,
1405 640 1522 679 tribus
1567 642 1647 679 sere
1678 643 1802 679 stratis

371 712 565 757 contexta3
611 707 784 744 interiori
830 706 933 744 libris
981 707 1168 755 elongatis
1200 707 1540 756 longitudinalibus
1573 709 1801 747 densissime

372 777 585 815 intertextis
627 778 838 823 constante,
879 775 1070 813 exteriore
1110 775 1257 814 cellulis
1296 776 1521 827 rotundatis,
1554 777 1801 815 interioribus

371 845 614 884 verticalibus
645 847 682 881 et
721 843 757 880 in
805 844 862 880 tila
910 842 1131 881 brevissima
1177 843 1455 882 monilisormia
1501 843 1799 891 subconjunctis.

370 912 594 953 Diolim'dm
638 912 734 949 intra
780 912 906 960 apices
950 911 1154 960 pinnarum
1202 912 1237 948 in
1284 916 1442 961 utraque
1482 913 1616 962 pagina
1649 913 1800 961 promi-

373 983 513 1032 nentia,
553 980 788 1029 bilocularia,
827 979 870 1016 ad
913 979 1232 1027 dissepimentum
1266 979 1540 1027 longitudinale
1572 980 1673 1018 libris
1703 982 1801 1018 sim-

369 1048 531 1098 plicibus
576 1060 662 1085 cum
709 1047 924 1096 pericarpio
967 1048 1158 1097 junctum,
1205 1047 1410 1095 gemmidia
1458 1048 1631 1098 obovata,
1663 1048 1801 1086 inillis

373 1117 604 1166 subsingula,
638 1115 814 1152 l'oventia.
876 1115 1174 1162 Sphaerosporoe
1204 1115 1298 1152 infra
1332 1116 1458 1164 apices
1483 1114 1683 1164 pinnarum
1703 1115 1803 1152 inter

372 1183 432 1221 tila
463 1183 738 1221 monilisormia
772 1183 945 1232 crottum,
977 1182 1201 1233 rotundatse,
1232 1182 1429 1220 cruciatim
1460 1183 1601 1220 divisae.
1656 1184 1799 1228 [Monc.

373 1251 429 1287 Fl.
462 1250 543 1298 Δία.
576 1249 651 1288 (ab.
689 1249 736 1286 4ss
767 1248 830 1296 fiq.
864 1249 923 1295 (5).

371 1341 540 1380 Frondes
581 1351 682 1378 nunc
722 1339 975 1377 teretiuseulae
1015 1342 1051 1375 et
1090 1340 1256 1388 sparsius
1300 1339 1428 1378 divisa}
1461 1341 1541 1377 l'ere
1574 1340 1801 1378 dichotomae

258 1411 455 1459 adparent,
489 1420 617 1447 revera
649 1419 802 1457 semper
831 1407 1008 1457 pinnatae,
1041 1406 1167 1456 pinnis
1199 1421 1216 1445 a
1249 1408 1420 1455 margine
1451 1407 1597 1445 frondis
1627 1408 1801 1457 ancipitis

260 1477 544 1526 emergentibus
590 1480 627 1513 et
673 1488 747 1513 una
785 1487 871 1512 cum
915 1474 1051 1512 fronde
1095 1478 1342 1512 excrescente
1386 1475 1570 1526 formatis,
1609 1479 1671 1513 aut
1703 1476 1800 1513 sim-

258 1544 492 1594 pliciusculis
531 1548 594 1581 aut
636 1543 742 1580 valde
783 1542 944 1580 exolutis
978 1545 1013 1579 et
1043 1542 1336 1592 decompositis3
1368 1543 1537 1591 pinnulis
1568 1553 1653 1580 cum
1686 1543 1800 1591 pinna

258 1613 420 1662 simplici
460 1611 739 1661 conformibus,
786 1611 1027 1659 ancipitibus,
1067 1610 1249 1648 stibulatis
1287 1613 1350 1647 aut
1380 1610 1697 1659 saepiusclavatis
1728 1621 1800 1647 cu-

258 1680 439 1730 neatisve,
479 1679 650 1727 margine
690 1679 949 1726 integerrimis
980 1681 1043 1715 aut
1074 1678 1329 1729 denticulatis,
1361 1677 1625 1715 crenulatisve.
1687 1678 1802 1715 Color

258 1748 485 1796 plerumque
531 1746 1033 1794 violaceo-pnrpurascens3
1089 1745 1295 1783 substantia
1350 1745 1607 1783 exsiccatione
1662 1745 1801 1783 eximie

259 1813 693 1861 corneo-cartilaginea.
767 1816 922 1850 Fructus
970 1813 1167 1861 utriusque
1214 1814 1366 1861 generis
1413 1813 1507 1851 infra
1549 1814 1678 1862 apices
1709 1814 1800 1862 pin-

258 1882 434 1918 nularum
482 1881 640 1929 evoluti,
694 1881 967 1929 splnerosporae
1014 1881 1050 1916 in
1098 1881 1212 1929 pinna
1258 1881 1500 1918 teretiuscula
1554 1880 1799 1918 circumcirca

259 1949 573 1997 intumescentes,
617 1949 804 1984 ramulum
838 1948 1000 1984 fertilem
1032 1948 1216 1984 clavatum
1251 1947 1433 1996 reddunt3
1467 1948 1503 1984 in
1538 1948 1674 1986 fronde
1705 1948 1800 1985 sub-

258 2016 366 2063 plana
399 2026 508 2052 sorus
540 2014 706 2051 mediam
739 2014 916 2062 paginam
948 2014 1098 2062 planam
1117 2018 1288 2063 occupat.
1331 2014 1529 2053 Diclinidia
1547 2015 1656 2064 apice
1675 2015 1799 2064 pinnae

258 2082 442 2130 apiculata
475 2084 538 2118 aut
571 2082 721 2129 longius
754 2085 986 2120 mucronata.

369 2160 523 2197 Duobus
555 2163 618 2196 aut
650 2160 729 2196 l'ere
765 2160 882 2197 tribus
914 2161 1038 2198 stratis
1069 2164 1254 2198 contextae
1285 2164 1380 2198 sunt.
1441 2164 1635 2200 Internum
1654 2163 1799 2200 cellulis

260 2228 440 2277 angustis,
479 2226 515 2263 in
551 2228 710 2274 juvenili
751 2228 874 2275 planta
914 2228 1175 2278 cylindraeeis,
1208 2229 1244 2265 in
1277 2229 1455 2266 adultiori
1488 2230 1598 2268 libras
1629 2232 1799 2278 praelon-

258 2309 321 2345 gas
366 2295 644 2346 aemulantibus,
689 2295 917 2333 densissime
965 2296 1189 2349 intertextis,
1235 2297 1407 2345 plurimis
1448 2297 1798 2347 longitudinalibus,

256 2364 387 2413 paucis
433 2362 611 2412 obliquis,
656 2363 762 2411 quasi
810 2364 847 2400 in
893 2368 973 2400 rete
1020 2365 1247 2415 conjunctis,
1293 2365 1401 2412 cujus
1442 2366 1583 2403 laeanae
1630 2365 1717 2414 ipsae
1761 2366 1797 2402 in

258 2433 411 2468 cellulas
441 2435 647 2480 imitantur,
679 2432 906 2479 plerumque
937 2432 1083 2478 inanes,
1116 2443 1217 2470 minc
1248 2431 1414 2480 granulis
1454 2433 1627 2481 repletas.
1693 2436 1799 2470 Stra-

258 2502 334 2535 tum
382 2503 582 2537 externum
630 2500 776 2537 l‘rondis
825 2500 970 2537 cellulis
1003 2500 1214 2537 rotundatis
1246 2499 1414 2550 ininutis,
1447 2500 1481 2536 in
1515 2500 1576 2537 tila
1607 2500 1796 2537 verticalia

257 2567 531 2605 monilil'ermia
578 2567 798 2605 brevissima
845 2568 1079 2617 conjunctis-3
1127 2567 1271 2606 celluloe
1318 2567 1521 2605 inferiores
1562 2566 1682 2614 magis
1720 2565 1796 2603 ob-

259 2634 381 2683 liquae,
429 2635 466 2671 in
511 2635 738 2683 quibiisdam
784 2635 986 2684 speciebus
1031 2636 1211 2685 majores,
1250 2638 1286 2673 et
1329 2634 1375 2672 ab
1417 2634 1670 2672 exterioribus
1701 2632 1796 2670 sub-

258 2700 453 2738 distinctae.

370 2782 524 2816 Fructus
556 2781 761 2829 capsularis
793 2781 928 2818 (ielidii
963 2785 1020 2818 est
1051 2781 1188 2818 indolis
1207 2780 1366 2818 omnino
1385 2777 1597 2829 peculiaris.
1635 2779 1794 2815 l‘ustulae

258 2844 301 2879 ad
337 2845 452 2883 instar
493 2847 681 2896 spluerica)
722 2849 870 2898 capsula
914 2849 1061 2885 novella
1101 2848 1234 2898 oritur,
1268 2848 1304 2885 in
1336 2850 1501 2894 utroque
1533 2845 1648 2881 latere
1681 2845 1793 2892 plano

259 2911 405 2948 frondis
448 2914 623 2962 ancipitis
664 2927 771 2963 teque
812 2919 848 2952 et
888 2915 1175 2963 hemispluerice
1206 2914 1433 2963 prominula.
1492 2912 1527 2950 si
1560 2911 1636 2949 baec
1666 2911 1794 2948 disse-

1843 1624 1895 1701 *a

1885 3035 1895 3103 -..im
1884 2818 1895 3020 ...-.-—·.-'=—-x
