1895 3208
277 154 336 196 56
346 156 371 195 4
690 152 930 194 ConAmNEAE
950 148 1127 209 (Aucrou.
1147 149 1393 207 ARESCHJ.
1575 150 1806 196 Corallina.

273 286 426 329 pinnatis
460 284 688 326 articulisque
726 284 1068 325 tereti-compressis
1108 293 1169 317 seu
1208 284 1647 327 rotundato-compressis.
1696 285 1823 319 Kera-.

276 352 379 384 midia
419 352 558 383 omnino
596 353 635 384 ut
671 351 705 382 in
745 350 917 383 Corallina
954 352 1147 394 squamata,
1183 359 1394 393 quamquam
1423 360 1609 394 nunquam,
1638 355 1805 394 quantum

275 417 463 449 observare
494 418 685 460 potuimus,
720 417 947 450 corniculata.
1003 416 1125 450 Forma
1152 427 1170 450 c
1199 419 1257 450 vix
1288 419 1353 450 nisi
1381 417 1535 450 articulis
1563 418 1674 458 magis
1702 426 1805 459 quam

274 483 308 514 in
335 491 356 515 α
382 483 416 514 et
440 480 458 514 b
485 484 698 525 compressis
731 482 858 516 differt.
916 483 998 516 Ilaec
1031 484 1065 516 in
1098 484 1183 516 mari
1219 483 1474 517 mediterraneo
1501 482 1665 525 frequens
1693 485 1745 515 est
1773 484 1807 514 et

275 548 359 592 sola,
396 547 496 589 cujus
533 548 613 582 iude
650 549 853 590 accepimus
886 551 1091 593 specimina,
1118 558 1329 592 quamquam
1356 557 1398 581 an
1424 558 1445 581 a
1472 551 1507 581 et
1531 547 1549 580 b
1575 549 1609 580 in
1636 548 1693 580 illo
1720 548 1804 579 mari

274 612 532 658 desiderentur,
559 614 678 647 dicere
704 623 773 646 non
799 623 1001 657 possumus.
1050 615 1173 649 Forma
1199 615 1221 648 d
1245 615 1361 657 quoad
1387 613 1552 647 articulos
1582 620 1805 655 compressos

275 687 355 712 cum
381 688 400 713 c
426 680 591 712 convenit
615 680 767 724 quidem,
806 680 868 713 sed
906 680 1043 715 diversa
1083 684 1137 715 est
1175 681 1296 714 fronde
1330 680 1491 722 breviori,
1519 678 1677 721 apicibus
1705 679 1805 720 (pro-

274 747 351 787 pter
388 745 555 778 articulos
594 745 746 779 racliidis
774 748 975 790 superiores
1002 748 1165 790 utrinque
1191 747 1345 789 pinnulis
1372 747 1520 786 geminis
1548 745 1705 786 ornatos)
1731 744 1809 786 pal—

275 812 394 843 matim
420 810 651 854 pinnuliseris.
701 813 845 846 Articuli
880 815 1036 845 ceterum
1074 815 1218 855 propter
1256 812 1572 854 compressionem,
1610 819 1677 853 qua
1715 813 1809 842 stru-

276 879 372 910 ctura
400 877 604 918 translucet,
631 876 852 911 subzonatim
879 879 991 911 striati
1020 879 1219 920 (praecipue
1245 879 1279 910 in
1306 876 1382 910 Cor.
1409 873 1809 917 CalvadosiiLamour.)

275 940 310 973 ln
346 942 506 984 plurimis
544 941 621 975 Cor.
660 942 843 976 officinalis
883 944 1014 986 formis,
1057 951 1268 986 quamquam
1307 943 1431 985 rarius,
1459 941 1609 975 vidimus
1636 941 1810 974 interdum

274 1007 467 1040 keramidia
504 1007 561 1040 illa
601 1006 792 1052 abnormia‚
832 1009 962 1051 ubique
994 1017 1057 1050 per
1083 1009 1212 1051 planta}
1240 1009 1406 1041 articulos
1433 1015 1566 1050 sparsa,
1595 1006 1811 1040 subconico-

275 1072 557 1115 hemisphaerica,
591 1082 737 1115 quarum
769 1077 981 1108 mentionem
1016 1074 1100 1108 secit
1127 1075 1196 1107 Cel.
1230 1073 1363 1116 llarvey
1390 1073 1423 1106 ll.
1450 1083 1499 1106 cc.
1526 1072 1618 1105 Talia
1645 1073 1749 1104 etiam
1777 1072 1809 1104 in

276 1138 446 1171 Corelliae
480 1141 662 1181 squamata
697 1140 888 1174 obveniunt
920 1140 1114 1173 secundum
1146 1139 1290 1182 Harvey,
1327 1139 1384 1172 nui
1412 1141 1527 1172 tamen
1553 1146 1731 1180 nunquam
1757 1138 1811 1169 vi-

277 1203 404 1235 dimus.
462 1202 544 1236 Haec
580 1207 662 1238 sunt
695 1214 835 1247 organa,
872 1215 949 1248 quie
976 1206 1046 1240 Cel.
1078 1205 1243 1238 Trevisau
1271 1205 1313 1238 ad
1341 1205 1518 1247 duplicem
1545 1203 1637 1235 illam
1665 1202 1810 1235 Coralli—

276 1276 397 1300 narum
432 1268 739 1303 fructificationem
775 1270 1032 1312 inveniendam,
1068 1273 1105 1303 ut
1138 1270 1240 1303 nobis
1273 1270 1419 1313 videtur,
1459 1268 1683 1301 induxerunt.
1742 1266 1811 1299 Sed

277 1337 314 1366 ut
339 1344 402 1368 nos
428 1338 604 1379 putamus,
631 1338 713 1369 sunt
739 1337 957 1370 solummodo
985 1346 1075 1371 verae
1104 1336 1385 1370 fructificationis
1413 1333 1698 1376 auamorphoses.

371 1410 574 1453 Specimina
613 1410 800 1447 Corallinae
839 1413 1024 1447 officinalis
1062 1415 1169 1447 certae.
1196 1423 1214 1447 e
1247 1414 1368 1455 Capite
1405 1412 1508 1445 bonae
1547 1411 1622 1453 spei
1661 1410 1812 1443 vidimus

280 1486 468 1520 uunquam.
527 1478 614 1518 Quae
647 1479 711 1512 sub
738 1479 804 1513 hoc
831 1481 970 1513 nomine
995 1479 1076 1512 iude
1103 1481 1318 1523 accepimus,
1345 1480 1427 1511 suut
1452 1486 1530 1510 cum
1555 1475 1812 1509 Arthrocardiae

279 1542 454 1587 palmatae,
483 1546 554 1577 tum
581 1545 695 1578 Artlir.
724 1545 942 1589 corymbosae
970 1546 1092 1580 formae
1114 1545 1284 1588 juniores,
1311 1544 1388 1587 q‘uae
1414 1551 1477 1586 pro
1504 1542 1674 1575 Corallina
1701 1540 1814 1573 offici-

281 1608 348 1640 nali
377 1608 419 1640 ab
445 1609 586 1643 incauto
614 1610 716 1645 facile
742 1611 861 1645 haberi
888 1614 1048 1654 possunt.

279 1760 315 1799 ⁶2.
354 1763 390 1801 C.
431 1770 524 1799 NANA
571 1762 772 1809 (Zanard.
816 1762 905 1803 Cor.
950 1776 987 1813 p.
1033 1763 1083 1802 ΞΟ
1130 1774 1210 1801 sec.
1258 1764 1371 1801 Ii'ztlz.
1415 1760 1550 1809 Spec.)
1598 1757 1811 1807 pulvinato-

391 1836 606 1889 czespitosa,
652 1839 788 1876 fronde
835 1839 906 1876 ima
955 1838 1030 1876 basi
1076 1849 1246 1887 ramosa,
1292 1837 1405 1875 ramis
1449 1836 1813 1886 subtri-bipinnatiS,

390 1912 515 1961 pinnis
559 1913 913 1962 circumscriptione
959 1913 1144 1960 elongatis
1189 1912 1408 1963 pluuulatis,
1452 1911 1619 1962 pinnulis
1663 1910 1813 1959 simpli-

392 1987 497 2025 cibus
538 1988 786 2038 complanatis
829 1987 1046 2037 spatliulatis
1078 1988 1098 2025 l.
1139 1987 1371 2037 lanceolatis,
1413 1986 1579 2025 articulis
1620 1995 1813 2024 ramorum

375 2227 573 2269 virescens,
620 2226 776 2259 articulis
822 2223 1046 2258 inferioribus
1089 2223 1278 2268 teretibus,
1328 2223 1535 2257 diametrum
1575 2220 1813 2265 aequantibus,

376 2285 619 2326 superioribus
658 2284 985 2317 caueam-dilatatis
1024 2283 1288 2326 approximatis,
1328 2279 1371 2326 ss
1412 2281 1607 2325 linealibus,
1646 2281 1814 2314 diametro

376 2344 479 2386 paulo
517 2343 756 2386 longioribus,
793 2343 935 2375 ramulis
974 2341 1353 2384 ultimislinearibus,
1392 2339 1631 2374 subteretibus
1670 2339 1724 2372 vel
1761 2340 1814 2380 (in

376 2401 533 2435 articulis
581 2402 736 2436 nondum
786 2401 987 2444 explicatis)
1032 2401 1065 2434 in
1112 2400 1254 2442 planum
1300 2398 1683 2440 flabellato-digitatum
1730 2406 1814 2431 coa-

377 2461 528 2494 (lunatis.

376 2530 464 2563 Hab.
497 2532 540 2564 ad
575 2531 724 2564 insulam
752 2530 1003 2564 Uualasclikam
1030 2531 1188 2571 gregarie
1215 2538 1295 2563 cum
1320 2528 1398 2564 Cor.
1426 2528 1673 2562 frondescente
1699 2525 1812 2568 [Post.

284 2590 317 2622 ct
342 2588 450 2632 thpr.
477 2589 498 2622 l.
525 2600 555 2623 c.
582 2599 729 2632 quorum
756 2589 938 2622 character
965 2590 1153 2630 exscript.)

378 2657 528 2701 Utraque
562 2661 703 2702 species
736 2659 872 2692 videtur
906 2658 1007 2691 uobis
1038 2658 1221 2691 Corallinae
1258 2657 1423 2690 officinali
1461 2656 1631 2698 proxima.
1681 2654 1812 2691 Quam-

286 2726 389 2759 quam
426 2717 592 2750 nonnulla
629 2718 810 2760 utriusque
848 2717 1042 2759 specimina
1083 2725 1201 2749 coram
1241 2716 1352 2748 oculis
1378 2714 1560 2756 habemus,
1586 2714 1700 2744 tamen
1727 2710 1813 2743 cha-

287 2774 481 2808 racteribus
507 2774 755 2816 strictioribus,
783 2783 887 2817 quam
914 2783 1001 2817 quos
1028 2774 1201 2807 dederunt
1227 2776 1400 2815 auctores,
1426 2773 1487 2805 lias
1508 2771 1647 2813 species
1663 2769 1813 2802 limitare

286 2842 354 2866 non
380 2842 580 2875 possumus.
635 2833 717 2866 Inde
744 2833 931 2874 diagnoscs
956 2834 1222 2875 exscripsimus.
1247 2851 1292 2857 —
1317 2831 1383 2864 Clr.
1410 2830 1452 2863 de
1479 2831 1595 2862 cetero
1621 2827 1691 2860 Cel.
1717 2827 1813 2870 Rup-

287 2891 409 2924 reclitii
448 2900 534 2933 opus
573 2893 751 2935 eximium,
777 2891 867 2935 Alqae
905 2889 1118 2925 octoceuses
1144 2891 1363 2933 inscriptum,
1384 2898 1422 2933 p.
1453 2888 1515 2921 452
1542 2885 1658 2929 (344),
1685 2886 1742 2920 ubi
1770 2886 1814 2919 de

288 2949 399 2982 tribus
426 2949 502 2983 Cor.
528 2950 712 2993 piluliserae
738 2950 858 2983 formis
886 2952 1006 2983 ornate
1033 2950 1189 2991 disputat
1214 2950 1346 2982 auctor.
