1895 3208
113 156 403 215 Mastoplzora.
532 157 774 198 Gestarum-:az
794 154 969 208 (Aucron.
991 151 1237 207 ARESCH.).
1554 152 1646 191 527

205 287 320 320 Callus
356 285 522 318 radicalis
556 287 611 317 sat
636 292 784 324 magnus
811 282 1025 317 discoideus.
1074 280 1184 313 Frons
1210 289 1321 322 usque
1345 278 1649 321 5-—6-pollicaris,

112 346 242 378 coloris
268 352 360 377 nunc
388 343 678 384 purpurascentis
705 349 797 372 nunc
823 341 860 372 et
887 338 1003 371 forsan
1030 339 1160 379 Saepius
1175 338 1393 378 virescentis,
1415 337 1449 368 in
1465 338 1650 368 cretaceo-

113 403 269 436 albidum
301 401 452 441 denique
491 399 655 431 abientis.
705 398 829 429 Caules
857 406 899 428 ex
927 395 1051 428 eodem
1079 395 1167 426 callo
1196 394 1337 426 radicali
1365 394 1496 436 plures,
1522 393 1650 425 lineum

114 461 134 493 Ι.
159 459 378 493 semilineam
416 458 487 499 lati,
525 457 603 497 plus
631 457 743 487 minus
772 454 954 486 evidenter
979 452 1143 493 subalati,
1172 453 1329 492 margine
1354 460 1452 492 saepe
1478 452 1651 492 irregula-

112 520 197 551 riter
238 516 382 556 dentati,
420 514 659 553 irregulariter
696 511 886 543 dicliotomi
922 510 943 541 l.
986 508 1102 541 soi-san
1129 510 1246 550 potius
1274 508 1650 549 piiinato-dicbotomi3

113 575 198 608 rami
233 573 427 614 ramulique
465 571 571 603 veluti
598 571 709 601 eosne
736 569 813 610 plus
841 569 955 599 minus
983 567 1164 598 exilienter
1190 575 1282 598 nunc
1309 565 1442 598 inferne
1469 576 1561 599 nnnc
1588 576 1651 598 su-

111 632 232 674 perius
258 632 291 662 in
317 630 511 670 segmentis
537 629 804 659 evanescentes.
856 624 1044 665 Segmenta
1071 623 1251 664 pollicaria
1279 623 1299 654 l.
1328 623 1499 666 breviora,
1516 622 1650 655 inferne

112 688 485 729 calcareo—pruinosa,
523 692 674 727 superne
701 682 886 724 sublaevia,
915 682 1071 721 margine
1104 681 1183 722 plus
1217 682 1332 712 minus
1365 681 1539 723 involuta,
1575 681 1651 712 basi

110 748 258 779 cuneata
286 746 458 786 apiceqne
485 741 662 776 flabellata
688 741 823 780 integra
851 740 871 771 l.
899 740 1027 782 lobata,
1056 739 1144 771 lobis
1172 739 1259 770 ‘iv—3
1289 739 1399 770 lineas
1427 740 1506 771 latis
1529 741 1651 770 rotun-

111 804 214 837 datis.
262 801 462 833 Keramidia
489 798 696 841 frequentia,
725 797 964 836 magnitudine
991 799 1026 828 et
1054 798 1123 829 situ
1149 798 1188 828 ut
1214 798 1248 828 in
1265 796 1496 837 sequentibus
1512 797 1650 836 generis

111 861 312 903 speciebus.
605 858 611 862 “

204 919 229 950 Α
257 917 439 958 sequente,
467 915 522 946 cui
548 912 648 944 valde
675 910 787 943 affinis
814 913 879 952 est,
908 909 1025 942 differt
1048 910 1247 951 praesertim
1275 909 1398 942 fronde
1424 911 1536 948 magis
1563 911 1652 940 irre-

112 974 281 1014 gulariter
305 972 507 1006 dichotoma
534 969 800 1010 seg-mentisque
830 966 1144 998 flabellisormibus.
1178 966 1338 1006 Speciem
1365 966 1525 1008 Sonueri,
1552 966 1651 1006 cujus

111 1033 306 1073 specimina
345 1029 526 1069 originalia
566 1034 686 1059 eoram
723 1025 836 1057 oculis
874 1023 1007 1066 habeo,
1041 1032 1059 1055 a
1093 1023 1212 1064 planta
1248 1022 1447 1064 Natalensi,
1484 1026 1652 1064 quantum

111 1090 230 1121 videre
256 1095 458 1129 possumus,
485 1087 518 1117 in
545 1083 652 1116 nihilo
680 1081 822 1115 differre
849 1079 997 1124 videtur,
1024 1089 1133 1122 quare
1159 1083 1344 1122 utramque
1360 1079 1575 1121 conjungere
1591 1089 1653 1112 co—

111 1147 180 1179 acti
207 1145 350 1178 suimus.

111 1262 147 1299 2.
180 1264 362 1300 Masrorn.
392 1267 503 1297 PLANA
536 1257 675 1303 [Soml.
704 1259 750 1295 in
780 1255 900 1296 Molel.
934 1259 971 1292 et
1002 1253 1198 1292 Schleclzt.
1230 1254 1312 1291 Boc.
1341 1253 1516 1302 Zez'tunq
1551 1254 1652 1292 4842

220 1340 260 1376 p.
301 1328 371 1374 55)
409 1327 535 1376 stipite
576 1325 707 1362 lineari
748 1322 1046 1370 subregulariter
1082 1321 1317 1370 dichotomQ
1349 1321 1461 1358 ramis
1493 1321 1529 1358 in
1562 1332 1652 1368 seg-

223 1398 348 1432 menta
382 1394 459 1430 basi
491 1395 681 1430 attenuata
714 1384 829 1427 incisa
868 1389 1055 1437 apieeque
1094 1387 1507 1425 subovato-rotundata
1541 1387 1650 1424 bifida

222 1462 394 1508 margine
424 1461 533 1509 plana
564 1458 771 1505 subtusque
804 1456 983 1504 pruinosa
1016 1454 1417 1492 subevanescentibus.

205 1537 398 1569 Melobesia
436 1534 697 1576 (Mastopbora)
737 1533 841 1574 plana
884 1529 991 1564 Sond.
1031 1530 1054 1564 l.
1091 1540 1121 1564 c.
1160 1549 1206 1555 -—
1244 1529 1359 1565 Plant.
1400 1531 1511 1566 Preis.
1537 1531 1604 1564 vol.
1630 1533 1650 1563 2

138 1622 145 1629 .
173 1597 249 1628 4⁴8.

108 1606 133 1640 p
206 1650 430 1693 Mastophora
455 1650 558 1691 plana
584 1647 691 1681 Harv.
717 1647 800 1680 Ner.
826 1648 940 1680 auslr.
959 1656 996 1689 p.
1025 1647 1102 1680 ⁴08.

223 1723 312 1759 Hab.
345 1722 390 1758 ad
433 1721 573 1758 exitum
611 1720 713 1756 ssnvii
755 1723 970 1766 cygnorum
1011 1720 1121 1755 Novae
1153 1716 1356 1754 Holiandiae
1389 1716 1520 1763 (Hei-b.
1552 1720 1653 1753 Son-

114 1789 249 1836 derii).

206 1864 317 1897 Frons
354 1864 497 1896 circiter
534 1862 770 1904 tripollicaris,
806 1861 934 1893 coloris
973 1860 1115 1892 sordide
1141 1859 1247 1891 rosei.
1295 1858 1411 1891 Cauiis
1438 1861 1474 1890 ut
1500 1859 1533 1889 in
1560 1867 1654 1899 prae-

114 1923 264 1956 cedente
297 1923 450 1963 linearis,
489 1920 548 1952 sed
586 1919 659 1951 fere
693 1928 773 1950 mox
807 1919 917 1958 magis
951 1917 1159 1957 regulariter
1184 1917 1218 1948 in
1245 1918 1425 1956 segmenta
1454 1915 1652 1947 diciiotoma

115 1981 248 2013 abiens.
311 1979 500 2019 Segmenta
538 1977 756 2017 longitudine
789 1976 932 2008 circIter
970 1974 1161 2016 pollicaria,
1194 1973 1270 2005 basi
1297 1974 1437 2014 quidem
1465 1974 1654 2011 attenuata,

114 2038 178 2071 sed
217 2047 320 2080 quam
359 2038 394 2070 in
433 2037 540 2078 priori
580 2035 714 2075 latiora,
748 2034 871 2076 incisa,
905 2034 1006 2074 apice
1045 2034 1178 2071 integra
1209 2032 1228 2063 1.
1255 2031 1374 2074 bifida,
1407 2030 1497 2062 iobis
1531 2031 1655 2061 ovato-

116 2095 323 2136 rotundatis,
353 2093 423 2125 fere
451 2094 488 2124 ut
513 2093 546 2123 in
574 2091 735 2123 Cliondro
763 2091 892 2131 crispo,
919 2090 1008 2121 2—3
1035 2089 1145 2122 lineus
1171 2089 1251 2121 lata.
1278 2087 1475 2120 Keraniidia
1503 2089 1537 2118 et
1559 2087 1654 2118 sirim

115 2154 154 2185 ut
179 2153 213 2184 in
242 2152 370 2183 ceteris
400 2149 601 2191 speciebus.
652 2149 863 2189 specimina,
892 2156 970 2187 qnae
997 2147 1159 2189 vidimus,
1187 2147 1308 2178 flustra
1323 2145 1474 2187 quadam
1490 2144 1654 2185 obducta,

116 2210 216 2251 cujus
243 2210 278 2241 in
305 2207 462 2240 habitum
487 2207 618 2248 plantae
645 2204 850 2238 mutandum
878 2205 929 2235 vis
956 2203 1058 2236 nobis
1086 2205 1140 2236 est
1165 2205 1297 2244 ignota.

116 2313 152 2352 3.
184 2302 366 2352 iiIAsrorii.
405 2318 608 2347 {irrotach
652 2311 793 2354 (Harv.
836 2308 928 2346 Ner.
969 2313 1099 2346 auslr.
1141 2319 1180 2355 p.
1223 2307 1296 2344 ⁴08
1330 2311 1356 2344 t.
1389 2306 1494 2351 XLI)
1529 2305 1654 2352 stipite

229 2379 361 2415 lineari
402 2377 661 2423 irregulariter
690 2376 926 2423 diciiotomo,
958 2375 1071 2412 ramis
1103 2375 1140 2410 in
1173 2376 1366 2420 segmenta
1401 2371 1654 2408 cuneisorinia

228 2443 402 2482 laciniata
433 2441 832 2488 subevanescentibus,
865 2440 1009 2477 laciniis
1041 2439 1246 2476 linearibus
1277 2439 1448 2484 margine
1480 2437 1656 2474 involutis

229 2510 360 2548 subtus
390 2494 638 2545 albo-lanatis
667 2508 864 2554 stictisque
898 2506 1014 2553 nigris
1045 2505 1236 2553 depressis
1268 2502 1493 2551 conspersis.

230 2588 316 2625 llab.
349 2587 394 2623 ad
426 2589 578 2624 Portum
612 2584 850 2622 Natalensein
882 2587 1006 2629 (llarv.
1041 2584 1060 2619 Ι.
1094 2585 1146 2625 e.)

211 2664 320 2697 Frons
347 2661 638 2702 3—4-poiiicaris
673 2661 922 2702 ramosissima,
956 2659 1196 2698 irregulariter
1222 2657 1433 2700 dicliotoma,
1461 2666 1529 2689 non
1557 2657 1657 2690 sasti—

119 2724 221 2762 giata.
284 2721 381 2753 Rami
422 2721 453 2751 in
493 2720 673 2758 segmenta
714 2718 859 2760 furcata,
899 2719 1058 2759 cuneata,
1098 2717 1253 2755 margine
1293 2715 1445 2748 involuta
1484 2717 1656 2756 apiceque

120 2780 257 2819 obtusa,
298 2787 448 2820 superne
487 2777 610 2808 scabra
644 2778 677 2808 et
709 2777 842 2816 striata,
870 2775 994 2806 subtus
1022 2774 1098 2805 lana
1127 2773 1220 2804 brevi
1249 2773 1325 2804 alba
1353 2775 1444 2804 tecta
1472 2774 1657 2814 stictisque

120 2838 263 2869 minutis
303 2836 468 2868 coloratis
501 2834 679 2875 depressis
707 2833 809 2865 nudis
837 2840 1039 2873 conspersa.
1089 2829 1286 2862 Remmium
1314 2838 1437 2869 magna
1465 2833 1500 2862 et
1524 2831 1657 2871 promi-

120 2895 251 2926 nentia.
301 2893 404 2926 Color
429 2892 579 2925 obscure
605 2891 997 2931 brunneo-purpureus.
1048 2887 1239 2928 (Descript.
1268 2887 1365 2919 Harv.
1394 2888 1581 2928 exscripta.)
