1895 3208
254 172 347 212 516
684 171 926 211 ConArLixuAE
948 170 1126 226 (AUCTOR.
1147 169 1395 230 ARESGH.).
1553 169 1794 217 Melobese'a.

362 302 447 340 Hab.
480 313 592 350 supra
624 301 853 340 Corallinam
886 302 1117 341 officinalem
1155 306 1193 340 et
1222 304 1519 350 Cystoseirarum
1550 308 1698 354 partem
1730 305 1793 342 in-

252 369 432 405 feriorem
475 369 511 405 in
557 368 651 405 mari
695 369 874 407 atlantico
913 370 958 407 ad
1001 382 1087 407 oras
1125 370 1325 408 Britanniae
1357 375 1394 408 et
1424 371 1562 420 Gaiiiae,
1594 372 1631 408 in
1663 373 1793 409 medi-

252 438 431 472 terraneo
463 435 507 472 ad
541 436 706 473 Siciliam
740 437 942 486 (Philippi)
976 441 1014 474 et
1043 438 1204 475 insulam
1236 438 1429 487 Rhodum3
1460 439 1498 476 in
1529 440 1623 476 mari
1641 440 1793 476 austraii

250 503 294 538 ad
328 502 489 540 insulam
538 504 692 541 Norsoik
739 515 815 541 sec.
861 504 983 542 Haru.
1022 504 1044 542 l.
1083 516 1115 543 c,
1157 506 1216 551 (ln
1258 507 1348 543 Mus
1387 506 1596 544 Hoimiensi
1643 509 1680 543 et
1710 509 1793 544 Soc.

251 569 362 617 regiae
394 571 590 609 Scientiar.
624 572 869 621 [Jpsalieus.!)

343 657 452 691 Frons
492 659 663 693 diametro
710 662 1001 704 vi—ssz-poilioaris
1040 661 1187 701 (format
1224 661 1420 694 secundum
1455 660 1603 705 Philippi
1641 665 1675 696 in
1709 667 1794 698 mari

250 718 398 750 stratum
431 717 650 758 longitudine
681 720 761 761 pius
798 729 905 762 quum
931 721 1057 763 pedale
1085 723 1119 753 et
1145 722 1308 753 crassitie
1334 721 1454 762 plures
1482 722 1605 753 uncias
1631 725 1796 764 aequaus)

250 774 379 807 coloris
418 775 718 819 rubro-purpurei
758 778 780 810 1.
820 778 900 822 albi,
940 780 1272 820 circumscriptione
1310 779 1389 820 plus
1428 780 1542 811 minus
1581 781 1615 812 in
1649 779 1796 812 sormam

249 833 555 867 suborbicularem
588 836 748 880 tendens,
783 840 905 870 centro
940 840 977 870 ut
1012 838 1149 870 videtur
1184 837 1311 870 adnata
1345 837 1550 880 ambituque
1582 838 1702 881 libera,
1729 840 1797 871 im-

248 890 543 936 bricato-lebam,
577 894 646 926 lobi
681 896 821 927 unc-iam
848 897 904 928 vix
937 905 1092 938 unquam
1118 896 1190 939 lati,
1218 905 1340 929 omnes
1367 896 1603 930 horizontaies
1629 897 1796 938 pulcher—

250 950 337 982 rime
364 950 550 994 imbricati,
578 954 714 993 tenues,
743 953 814 986 sere
841 956 1043 997 papyracei,
1071 954 1366 997 semIcircuiares,
1394 955 1521 997 zonati,
1551 957 1709 995 margine
1724 955 1797 988 sere

251 1006 375 1047 integri
418 1009 482 1041 sed
516 1010 594 1050 plus
635 1012 749 1044 minus
791 1012 947 1044 unduiati
976 1013 999 1044 i.
1027 1015 1168 1045 omnino
1196 1013 1303 1054 plani.
1354 1013 1554 1046 Keramidia
1581 1017 1705 1047 exacte
1732 1015 1797 1047 he—

250 1067 486 1111 misphaerica,
515 1071 655 1102 omnino
683 1072 721 1102 ut
747 1071 779 1102 in
806 1070 1054 1115 Mastopboris,
1082 1080 1295 1114 quamquam
1322 1073 1474 1114 minora,
1508 1072 1691 1106 evidenter
1708 1082 1795 1115 poro

249 1127 406 1166 pertusa.
432 1146 476 1149 -—
503 1132 529 1159 A
555 1131 727 1170 sequente
765 1131 898 1173 specie,
936 1131 991 1163 cui
1030 1132 1181 1163 maxime
1223 1139 1266 1162 ex
1305 1131 1466 1164 omnibus
1506 1130 1621 1164 affinis
1649 1132 1796 1175 videtur,

251 1184 368 1218 differt
406 1186 494 1219 iobis
534 1187 773 1231 tenuioribus,
820 1197 961 1229 semper
999 1191 1123 1221 exacte
1162 1188 1457 1232 horizontalibus,
1503 1189 1796 1230 elegantioribus,

250 1244 432 1286 formaque
478 1245 754 1280 keramidiorum
804 1247 904 1279 vaide
951 1247 1108 1290 diversa,
1151 1250 1189 1280 ut
1233 1255 1312 1279 cum
1352 1248 1444 1280 nulla
1484 1246 1586 1280 facile
1629 1249 1796 1283 confundi

250 1305 375 1344 possit.

255 1409 268 1447 ’1
284 1409 314 1446 Ἰ.
347 1413 391 1449 Μ.
422 1419 695 1448 AGAssiCiFORmS
736 1410 854 1456 (Pan.
893 1411 1054 1449 Elenclz.
1092 1423 1127 1459 p.
1169 1409 1270 1458 263)
1304 1412 1442 1449 fronde
1473 1412 1641 1462 denique
1673 1415 1796 1452 soluta

360 1478 461 1515 intus
502 1488 587 1515 cava
630 1478 1128 1529 eliiotico-hemispbaerica,
1176 1483 1282 1516 extus
1315 1480 1412 1517 tobis
1444 1481 1693 1519 crassioribus
1725 1494 1795 1520 ro-

303 1545 526 1651 .)datis
568 1545 726 1584 sinuatis
765 1547 954 1584 undulatis
988 1547 1194 1584 imbricatis
1228 1548 1248 1584 1.
1281 1547 1492 1585 suberectis
1524 1548 1694 1598 undique
1725 1561 1796 1588 ve-

410 1614 460 1663 ta,
494 1614 712 1652 keramidiis
744 1615 801 1653 vix
833 1615 1156 1664 prominentibus,

342 1701 523 1744 Millepora
552 1703 806 1743 agariciformis
834 1703 919 1737 Pall.
947 1703 967 1737 l.
996 1714 1025 1737 c.
1053 1721 1097 1728 —·
1114 1702 1305 1738 Lamarcls.
1322 1703 1409 1738 Hisc.
1428 1704 1459 1738 cl.
1476 1705 1795 1742 anim.s.vertel›r.

250 1763 269 1793 2
293 1771 326 1804 p.
356 1762 433 1794 342.

344 1819 628 1861 i>Lithopliyllum
656 1830 852 1863 expansum
880 1820 964 1855 Phil.
990 1822 1026 1855 in
1061 1820 1196 1865 Wieqm.
1223 1822 1329 1856 siresa.
1361 1823 1444 1855 4837
1470 1832 1506 1866 p.
1533 1824 1610 1857 389.

344 1877 524 1919 Nullipora
550 1879 807 1919 agaricisormis
833 1878 971 1914 Blaz‘nv.
997 1879 1174 1914 Jolmston
1200 1879 1334 1914 Brz'tislz
1359 1880 1520 1925 Sponqiae
1545 1881 1617 1915 aud
1637 1879 1796 1925 Lithoplt.

246 1945 282 1978 p
310 1934 386 1967 244.
422 1934 588 1969 iioodcut
613 1935 680 1969 NJ)
706 1938 748 1970 6>3
770 1947 806 1980 p
833 1938 911 1973 ‘232

343 1994 536 2027 Melobesia
564 2004 719 2036 expansa
749 1995 847 2029 Endl.
873 1995 989 2039 Suppl.
1019 1998 1037 2029 3
1058 2006 1093 2039 p.
1120 1996 1175 2029 Ιι-Ο.

344 2052 536 2084 Melobesi·1
564 2053 819 2094 agarieiformis
847 2053 955 2088 Han
983 2054 1087 2098 Plnsc.
1116 2053 1203 2088 Brit
1231 2057 1255 2088 t.
1283 2053 1442 2090 LXXIII.

365 2136 451 2173 [iab.
485 2137 522 2173 in
556 2138 648 2174 inari
696 2138 873 2175 atlantico
920 2138 963 2174 ad
1012 2150 1097 2176 oras
1131 2138 1331 2189 iubenum,
1362 2139 1399 2177 in
1432 2139 1717 2178 mediterraneo
1750 2141 1794 2177 ad

251 2204 414 2242 Siciliam
449 2205 648 2254 (Philippi)
681 2209 718 2242 et
749 2218 834 2243 oras
868 2206 1050 2245 Numidiae
1083 2207 1256 2255 (Pallas).
1292 2229 1337 2233 -—
1372 2211 1429 2255 (In
1460 2207 1690 2245 collectione
1709 2210 1794 2256 neg.

251 2272 388 2310 societ.
419 2273 615 2312 Sciontiar.
650 2275 773 2323 Ups.¹.)

345 2361 454 2394 Frons
483 2360 666 2395 Corallinoe
694 2362 871 2407 officinali,
898 2366 936 2395 ut
963 2363 1109 2407 videtur,
1134 2350 1298 2405 primitus
1315 2364 1453 2408 adnata,
1469 2365 1632 2409 denique,
1648 2367 1795 2400 matrice

252 2421 434 2465 dissoluta,
474 2423 615 2454 omnino
654 2422 774 2464 libera,
804 2421 909 2454 fundo
938 2423 1043 2455 maris
1073 2422 1293 2466 incumbenS,
1321 2424 1450 2456 coloris
1479 2423 1586 2467 rubri,
1616 2425 1650 2457 in
1677 2425 1794 2458 album

253 2482 290 2512 ut
315 2481 349 2512 in
377 2481 505 2513 ceteris
532 2480 734 2524 speciebus,
761 2481 863 2513 facile
901 2482 1036 2524 mutati,
1074 2490 1185 2524 usque
1221 2482 1411 2523 S-poiiices
1438 2482 1609 2515 diametro
1638 2492 1794 2526 aequans,

252 2550 344 2574 nunc
378 2542 519 2572 omnino
555 2540 730 2582 spiimrioa
760 2548 852 2572 nuno
884 2539 994 2572 forma
1025 2541 1101 2581 plus
1129 2540 1243 2572 minus
1273 2540 1439 2582 eiliptica,
1467 2541 1560 2573 intus
1587 2541 1794 2583 plerumque

253 2607 348 2641 cava,
388 2601 560 2640 extusque
603 2598 756 2640 undiquc
795 2597 928 2640 lebate,
970 2597 1039 2630 lobi
1082 2599 1220 2630 unciam
1249 2606 1325 2630 raro
1353 2599 1410 2630 lati
1439 2599 1518 2640 pius
1546 2600 1661 2632 minus
1687 2600 1795 2631 semi-

253 2657 444 2689 circulares
475 2666 538 2689 seu
571 2656 760 2698 rotundati,
795 2656 964 2698 nnduiati,
992 2657 1119 2696 integri
1147 2657 1169 2688 l.
1196 2656 1353 2699 lobulati,
1382 2656 1645 2689 horizontaliter
1672 2656 1796 2688 imbri-

253 2716 318 2746 cati
347 2716 368 2747 l.
397 2716 587 2759 suberecti,
614 2717 794 2747 rarissime
821 2724 914 2758 vere,
943 2718 980 2748 ut
1006 2717 1039 2747 in
1066 2717 1250 2758 sequente,
1278 2716 1369 2747 inter
1395 2724 1433 2747 se
1460 2716 1615 2747 concreti
1639 2715 1793 2747 etvoiuti

253 2776 580 2807 concamerationes
622 2773 823 2817 formantes,
864 2782 957 2806 nunc
997 2775 1186 2816 tenuiores,
1226 2783 1319 2806 nunc
1359 2775 1564 2815 crassiores,
1591 2772 1794 2804 normaliter

254 2834 548 2871 pergamentacei.
611 2833 809 2866 lx'eramidia
849 2836 884 2866 et
920 2834 996 2874 pori
1036 2834 1069 2864 iu
1109 2834 1240 2865 nostris
1278 2831 1533 2874 speciminibus
1568 2831 1661 2863 nulia
1689 2833 1793 2863 extus

255 2889 496 2933 observantur,
535 2893 569 2923 at
610 2893 704 2924 intus
743 2892 851 2924 semel
890 2891 1040 2924 vidimus
1076 2893 1278 2932 congeriem
1308 2899 1504 2932 sporarum,
1531 2898 1609 2930 ηοω
1636 2889 1668 2920 in
1696 2891 1794 2929 peri-

255 2947 372 2985 sporio
400 2947 550 2988 oblongo
578 2951 744 2991 quattuor
771 2950 943 2983 divisione
971 2951 1196 2983 transversali
1222 2949 1370 2982 formata
1395 2947 1503 2980 fuisse
1531 2946 1750 2981 videbantur.
