1895 3208
72 138 325 184 Delesserz'a.
641 137 1021 180 SrnAEnococcoinaAE.
1497 136 1523 175 6
1531 135 1589 175 85

71 273 213 306 densius
239 272 479 314 adproximata
507 273 541 303 et
566 271 611 302 ita
637 269 795 303 breviora
824 271 860 302 ut
886 268 1038 301 ramulus
1066 268 1214 309 quisque
1235 267 1348 299 exime
1365 266 1592 309 corymbosus

70 332 203 364 evadat.
256 330 478 363 Ramulorum
514 329 631 363 intima
664 330 846 369 segmenta
879 330 1077 359 extrorsum
1110 334 1204 367 saepe
1231 325 1503 369 subsecundata,
1531 336 1594 359 su-

69 391 206 431 periora
233 389 425 429 regularius
452 387 662 429 dicliotoma,
687 395 792 428 supra
820 386 957 418 axillam
984 385 1106 416 leviter
1132 384 1593 428 incurva,omnialinearia,

70 457 235 490 suprema
261 448 421 481 obtusius
448 447 656 479 acuminata.
713 445 814 477 Color
840 444 985 487 pulchre
1011 444 1210 476 coccineus.
1261 442 1330 475 Sub
1359 443 1594 485 microscopio

70 507 205 541 cellulae
242 506 366 539 mediae
404 504 702 545 longitudinaliter
742 504 924 546 disposita}
958 504 1138 545 apparent,
1165 503 1304 535 caeteris
1331 504 1447 535 autem
1474 503 1595 535 consi-

70 567 180 609 mileS,
207 564 600 604 rotundato-angulatae.
649 562 794 595 Fructus
822 571 889 594 non
916 561 997 594 vidi.

161 624 286 667 Habitu
329 623 404 657 haec
441 623 558 664 planta
584 621 846 655 Miorocladiam
872 623 930 653 aut
956 621 1065 660 magis
1093 619 1205 651 adbuc
1231 618 1425 653 Ceramium
1453 622 1595 654 cancel-

69 684 175 716 latum
214 684 318 715 maris
356 681 523 724 Capensis
558 682 756 722 seminatur,
794 682 968 712 structura
1004 681 1119 712 autem
1146 678 1376 721 sequentibus
1403 679 1596 721 adpropin-

70 745 205 784 quatur.
255 740 331 780 Qua
356 743 471 773 tamen
498 742 574 781 ipsa
600 742 776 773 structura
802 748 820 770 a
846 738 884 770 D.
912 740 1061 771 rostrata
1088 738 1330 780 dignoscatur,
1353 739 1486 771 cellula=
1505 740 1595 771 enim

69 799 221 832 costales
258 799 457 840 superficiei
495 799 528 830 in
562 797 626 830 bac
661 798 830 837 elongata}
859 799 894 828 et
918 804 934 828 a
963 795 1212 836 marginalibus
1239 796 1399 829 diversae.
1447 796 1530 829 Cum
1557 797 1595 829 D.

69 857 169 889 Ba³rii
197 859 232 889 et
255 856 295 889 D.
323 857 571 897 augustissima
598 856 707 896 magis
733 855 897 887 convenit
923 854 986 886 bac
1013 856 1199 887 structurae
1226 856 1319 897 nota,
1347 855 1596 888 ramificatione

71 917 198 948 eximie
224 915 431 958 corymbosa
458 914 500 946 ab
527 912 688 946 omnibus
716 913 832 945 distat.

164 972 286 1005 Obiter
318 974 489 1014 inspectae
521 970 560 1002 D.
594 970 843 1010 angustissima
869 968 1166 1011 Sphaerocoecum
1193 969 1497 1015 coronopisolium,
1522 971 1596 1004 Del.

71 1033 219 1064 rostrata
246 1029 378 1073 Sphaer.
405 1031 730 1072 purpurascentem,
756 1028 795 1060 D.
823 1027 1030 1070 corymbos-a
1056 1027 1316 1061 Microcladiam
1343 1028 1561 1062 aernulantur.

70 1156 106 1197 7.
136 1161 175 1197 D.
204 1166 381 1196 ROSTRATA
415 1157 469 1203 (J.
501 1158 566 1205 Ay.
599 1155 721 1205 Symb.
752 1167 787 1203 p.
824 1154 889 1201 Μ.)
923 1154 1057 1192 fronde
1088 1154 1327 1192 subtilisormi
1351 1155 1597 1194 dichotomo-

182 1226 347 1275 pinnata,
378 1226 582 1274 segmentis
612 1224 874 1274 superioribus
906 1222 1117 1272 patentibus
1149 1222 1352 1260 linearibus
1374 1224 1596 1262 acuminatis

179 1294 351 1342 margine
389 1293 657 1343 integerrimis,
698 1292 877 1330 coccidiis
916 1292 952 1328 in
990 1291 1196 1339 segmentis
1227 1291 1490 1329 terminalibus
1521 1292 1597 1329 irn-

181 1361 316 1398 mersis
358 1367 482 1400 rostro
512 1362 823 1411 supereminente
854 1359 970 1409 duplo
1001 1358 1249 1396 crassioribus
1281 1362 1318 1396 et
1346 1359 1598 1411 brevioribus,

181 1432 278 1468 soris
319 1431 668 1480 spbaerosporarum
706 1441 724 1467 a
763 1432 869 1478 parte
911 1426 1112 1476 superiore
1153 1427 1465 1465 infra-terminali
1506 1439 1597 1476 seg-

179 1502 398 1536 mentorum
428 1499 606 1536 deorsum
640 1498 753 1544 longe
785 1495 970 1546 expansis.

163 1576 401 1609 Rhodomenia
426 1577 573 1608 rostrata
598 1573 632 1607 J.
657 1573 714 1618 Ay.
742 1574 762 1607 l.
789 1584 818 1607 c.
846 1574 954 1613 (excl.
981 1575 1122 1614 synon.)

165 1635 342 1676 Gigartina
368 1643 628 1677 purpurascens
655 1643 725 1666 var.
753 1635 903 1666 rostrata
929 1631 1057 1677 Lynqb.
1083 1631 1189 1675 Hydr.
1211 1643 1247 1676 p.
1275 1633 1316 1666 46
1343 1633 1412 1667 tab.
1441 1635 1507 1669 1121!

182 1705 269 1743 [lab.
316 1706 352 1743 in
398 1717 543 1743 oceano
595 1705 735 1743 arctico
781 1705 826 1742 ad
871 1705 995 1742 littora
1049 1705 1312 1742 Groenlandiae
1365 1706 1597 1751 (Fabriciusl

70 1774 208 1821 Vabll).

164 1851 283 1884 Planta
297 1850 336 1883 D.
353 1851 611 1892 angustissimae
628 1851 774 1893 tenuior,
796 1849 880 1882 alias
902 1849 1088 1882 simillima.
1114 1849 1330 1883 Ramificatio
1357 1851 1490 1895 eadem,
1516 1861 1598 1892 seg-

71 1911 188 1943 menta
212 1919 338 1952 nempe
364 1911 398 1942 in
425 1918 520 1942 ramo
547 1909 730 1951 principali
758 1909 901 1941 alterna.
951 1908 1136 1949 Segmenta
1154 1916 1235 1940 vero
1251 1908 1404 1941 axillaria
1419 1908 1598 1942 fructifera

71 1970 106 2002 in
131 1970 299 2011 praesenti
325 1969 470 2011 desunt,
497 1971 531 2001 et
555 1967 657 2000 ambo
684 1967 818 2000 fructus
845 1968 878 2000 in
906 1968 1096 2008 segmentis
1121 1967 1362 2000 terminalibus
1387 1967 1597 2001 nidulantur.

72 2026 237 2062 Coccidia
262 2029 296 2060 in
322 2028 436 2061 medio
474 2027 606 2060 ramulo
646 2026 795 2059 illisormi
836 2028 1041 2069 incrassata,
1079 2028 1191 2058 rostro
1218 2025 1391 2068 subulato,
1418 2027 1493 2068 ipsa
1520 2027 1597 2068 plus

73 2086 178 2129 duplo
205 2086 421 2127 longitudine
448 2087 646 2129 superante,
673 2086 872 2118 terminata.
921 2083 1185 2127 Sphaerosporae
1212 2085 1246 2116 in
1273 2086 1463 2125 segmentis
1490 2094 1598 2127 supe-

73 2145 222 2178 rioribus
255 2145 449 2188 dispositae,
483 2145 585 2184 longa
611 2144 702 2177 serie
728 2144 892 2176 deorsum
922 2143 1180 2185 continuantur,
1220 2144 1319 2185 apice
1361 2144 1482 2178 sterili.
1532 2144 1598 2177 Mi—

74 2205 258 2245 croscopio
285 2202 454 2246 subjecta,
482 2202 687 2235 differentiae
715 2203 903 2235 structurae
919 2202 1055 2234 obviam
1070 2202 1280 2243 veniunt3in
1298 2201 1597 2243 D.angustissima

74 2263 168 2296 frons
193 2263 303 2303 magis
330 2270 472 2304 anceps,
500 2264 598 2294 costa
623 2262 764 2303 propria
790 2261 894 2304 nulla,
910 2260 1115 2302 cellulisque
1130 2260 1410 2302 superficialibus
1425 2259 1598 2302 omnibus,

75 2323 109 2353 et
134 2320 257 2353 mediis
285 2322 320 2352 et
346 2320 607 2363 marginalibus,
641 2319 797 2361 ejusdem
823 2318 896 2351 fere
924 2318 1044 2351 formae
1071 2318 1473 2359 angulato-rotundatis,
1500 2320 1531 2351 in
1559 2318 1597 2350 l).

74 2380 222 2412 rostrata
257 2377 352 2410 srons
390 2379 500 2419 magis
539 2378 650 2419 plana,
685 2380 784 2410 costa
812 2378 976 2410 distincta
1003 2386 1019 2408 a
1048 2376 1182 2410 cellulis
1210 2376 1381 2415 elongatis
1408 2376 1600 2417 longitudi-

75 2436 210 2469 nalibus
253 2436 441 2477 (diametro
474 2436 649 2478 subdupli>
677 2436 912 2477 longioribus)
941 2436 1144 2477 constituta,
1171 2434 1305 2466 cellulis
1331 2434 1403 2467 alas
1432 2437 1598 2475 angustas

75 2495 370 2528 constituentibus
397 2495 791 2535 rotundato-angulatis.

167 2552 293 2586 Habitu
326 2553 369 2585 ad
404 2552 492 2586 hanc
520 2554 675 2595 speciem
701 2553 858 2593 proxime
886 2551 1025 2584 accedit
1048 2551 1285 2584 Rbodomenia
1309 2551 1420 2583 Baerii
1447 2550 1539 2584 Post.
1567 2552 1600 2585 et

74 2610 194 2655 Rupr„
221 2620 299 2654 quoe
325 2620 405 2644 vero
433 2611 537 2654 duplo
565 2612 717 2643 crassior
742 2610 877 2644 videtur
902 2612 937 2643 ct
962 2610 1027 2643 alio
1054 2612 1218 2652 respectu
1243 2608 1360 2642 forsan
1386 2609 1534 2643 diversa.

76 2715 112 2753 8.
146 2718 185 2753 D.
216 2718 333 2752 BAEuii
366 2714 486 2759 [Post.
532 2718 569 2751 et
613 2715 734 2762 Rupr.
779 2713 931 2751 Illuslr.
977 2714 1058 2762 Alq.
1103 2713 1252 2751 Introd.
1292 2725 1329 2761 p.
1371 2714 1411 2750 II
1443 2718 1481 2752 ec
1519 2712 1596 2761 ΙΙΙ]

186 2781 322 2819 fronde
360 2782 597 2819 subtilisormi
638 2782 1050 2831 dicbotomo-pinnata,
1095 2781 1300 2830 segmentis
1339 2782 1599 2831 superioribus

187 2851 445 2888 erectiusculis
476 2850 681 2888 linearibus
717 2850 939 2888 acuminatis
968 2849 1139 2898 margine
1170 2849 1436 2899 integerrimis,
1467 2851 1598 2886 cocei-

186 2916 258 2955 diis
297 2917 334 2954 in
376 2918 580 2967 segmentis
619 2918 878 2956 terminalibus
916 2917 1103 2956 immersis
1135 2921 1256 2956 rostro
1287 2917 1597 2966 supereminente
