1895 3208
73 156 328 202 Gracilare‘a.
653 156 1037 199 Sruffiznococccnnetz.
1502 155 1527 194 5
1536 155 1593 195 85

181 291 322 340 Duplici
364 293 479 328 strato
519 292 701 328 contextae
741 292 845 326 sunt:
885 292 1045 326 Stratum
1090 288 1246 325 interius
1277 287 1422 326 cellulis
1453 288 1596 333 magnis

72 360 294 409 rotundatis,
326 369 454 396 versus
484 358 724 406 superliciem
757 357 981 406 minoribus,
1018 361 1174 394 constat.
1235 359 1271 393 ln
1304 356 1425 404 planta
1452 353 1595 399 juniori

71 431 128 475 (et
171 428 298 464 forsan
342 431 446 464 certo
490 430 660 475 tempore
705 426 811 469 anni)
857 425 1144 462 membranacea
1177 424 1340 470 cellulae,
1375 422 1504 459 inanes
1534 424 1598 456 ant

70 494 187 532 ssuido
227 494 390 542 repletae,
430 493 682 530 exsiccatione
714 492 965 542 collabuntur,
998 496 1035 529 ct
1067 492 1200 528 iterum
1234 490 1449 527 madefactae
1468 488 1597 537 parie-

73 561 169 599 tibus
217 562 321 598 valde
368 562 544 599 llexuosis
588 562 718 598 cinctae
763 560 954 608 xiilentui·;
1001 560 1036 597 in
1083 560 1204 608 planta
1236 558 1372 606 adulta,
1402 560 1464 594 aut
1494 559 1598 592 certo

72 634 245 677 tempore
288 630 388 679 anni,
434 630 575 666 cellula:
621 629 786 676 granulis
817 627 1016 674 uinylaceis
1049 625 1270 675 rotundatis,
1298 624 1403 671 jodio
1436 623 1597 660 cau-ule-

71 696 277 746 scentibus,
322 698 480 734 omnino
527 698 669 745 sarctae3
702 707 826 733 ramus
867 695 1072 732 exsiccatus
1112 694 1182 730 boc
1212 697 1307 730 statu
1340 695 1469 740 ruptus
1501 690 1598 727 intus

72 765 150 801 lere
184 764 394 802 farinaceus
425 767 590 814 apparet.
650 767 810 801 Stratum
844 762 1008 799 exterius
1041 765 1187 798 constat
1218 772 1317 797 nunc
1349 760 1427 796 sere
1454 758 1598 804 singula

71 831 169 868 serie
208 832 447 876 cellularum;
490 843 591 869 nunc
627 832 770 869 cellulae
810 831 937 879 plures
970 829 1195 866 verticaliter
1225 827 1369 865 sei-iuno
1400 825 1598 874 adparent3

73 899 215 935 cellulae
247 911 367 947 parvae
400 899 608 936 ronnulatae
640 898 936 935 endocbroinate
968 898 1150 934 colorato.

181 966 353 1003 Coccidia
386 966 422 1002 in
455 966 634 1003 teretibus
665 977 804 1014 sparsa,
837 965 872 1002 in
905 964 1135 1012 compressis
1166 963 1209 1000 ad
1244 962 1416 1011 paginam
1449 961 1598 1009 planio-

71 1044 152 1070 rem
191 1032 445 1082 obvenientia,
488 1033 772 1081 hemisphaerice
813 1033 968 1080 elevata,
999 1031 1139 1069 sensim
1184 1030 1290 1079 apice
1335 1029 1516 1077 apiculata
1563 1031 1600 1063 et

69 1099 224 1136 demum
264 1101 521 1148 carpostomio
560 1105 699 1150 aperta.
769 1100 1022 1149 Pericarpium
1062 1099 1201 1147 duplici
1233 1101 1347 1135 strato
1380 1097 1597 1133 cellularum

70 1171 232 1216 constatg
274 1169 454 1206 exteriori
493 1180 619 1207 crasso
659 1169 802 1206 cellulis
843 1168 993 1205 radiatis
1035 1167 1217 1216 plurimis,
1250 1164 1423 1202 interiori
1456 1162 1599 1200 cellulis

69 1236 315 1274 concentrice
346 1236 538 1285 dispositis
568 1236 1039 1283 rotundato·multangulis
1057 1230 1598 1280 subanastomosantibus,ali-

69 1303 221 1352 quando
260 1303 297 1340 in
336 1304 393 1340 tila
425 1304 596 1351 longiora
635 1304 679 1341 ad
720 1305 931 1353 placentam
970 1301 1240 1339 descendentia
1282 1299 1455 1349 evolutis,
1500 1309 1598 1335 con-

69 1375 183 1408 texto.
214 1371 426 1410 Placentam
459 1372 494 1410 in
527 1372 720 1410 nonnullis
753 1370 1236 1418 elevatamsubglobosam,
1256 1369 1290 1405 in
1310 1368 1390 1405 aliis
1408 1367 1597 1404 minorem

68 1438 234 1476 basalem
269 1439 490 1489 observavi,
537 1441 638 1489 quod
686 1451 788 1490 vero,
835 1451 919 1497 cun]
965 1450 1063 1488 saepe
1103 1440 1138 1475 in
1179 1435 1376 1487 speciebus
1417 1434 1598 1483 proximis

68 1506 259 1544 diversum
305 1507 391 1557 vidi,
437 1511 499 1544 aut
542 1509 702 1546 minoris
748 1508 930 1545 momenti
977 1510 1039 1544 aut
1080 1507 1202 1543 forsan
1243 1504 1288 1542 ab
1330 1506 1436 1540 aetate
1483 1501 1598 1549 ipsius

70 1575 210 1612 fructus
242 1575 427 1624 pendere,
459 1579 642 1624 putarem.
702 1575 912 1613 Gemmidia
946 1575 982 1611 in
1014 1574 1083 1611 tilis
1115 1586 1132 1610 a
1166 1574 1334 1622 placenta
1368 1568 1598 1607 radiantibus

69 1641 636 1680 subclavato-monilisormibus
682 1655 797 1693 pauca
842 1646 904 1680 aut
949 1643 1121 1692 plurima,
1167 1640 1344 1690 pauciora
1390 1648 1528 1685 nempe
1561 1636 1597 1672 in

70 1710 114 1748 iis
144 1722 308 1759 quorum
341 1713 510 1760 placenta
542 1723 674 1759 magna
708 1715 744 1748 et
775 1712 831 1749 tila
864 1710 1138 1758 gcinmidiil'era
1170 1706 1402 1754 abbreviata,
1434 1703 1598 1752 gemini—

69 1778 130 1815 dia
159 1789 241 1826 quae
272 1779 309 1815 in
340 1779 410 1816 filis
443 1779 655 1816 terminalia
686 1779 910 1815 evolvuntur
939 1781 1025 1814 sunt
1056 1776 1227 1824 obovata,
1259 1785 1339 1823 quse
1372 1773 1407 1809 in
1434 1770 1598 1808 articulis

69 1846 313 1885 inferioribus
345 1847 553 1884 obveniunt
583 1845 990 1893 oblongo-rotundata.
1025 1844 1234 1881 l‘lacentam
1267 1852 1352 1877 cum
1385 1837 1596 1888 pericarpio

69 1913 138 1951 filis
168 1914 358 1951 sterilibus
388 1916 629 1962 conjunctam
662 1914 864 1962 aliqnando
898 1913 981 1950 vidi.

179 1982 456 2031 Sphaerosporae
503 1982 538 2018 in
584 1986 699 2019 strato
747 1979 924 2017 exteriori
975 1979 1118 2016 frondis
1161 1981 1224 2014 aut
1267 1977 1321 2013 vix
1365 1978 1505 2012 mutato
1538 1978 1599 2010 aut

69 2049 186 2096 magis
226 2050 378 2088 evoluto
419 2053 456 2086 et
495 2050 530 2087 in
564 2051 620 2087 lila
653 2048 925 2086 monilisormia
959 2046 1170 2084 abbreviata
1204 2047 1449 2082 transmutato
1482 2042 1597 2080 nidu-

69 2117 200 2168 lantes,
239 2118 425 2167 oblongae,
463 2118 656 2155 cruciatim
697 2116 842 2165 divisse,
876 2119 981 2152 extus
1013 2115 1068 2151 νῆ(
1101 2114 1330 2162 conspicuoe,
1363 2110 1430 2148 nisi
1465 2109 1500 2145 in
1534 2120 1597 2145 ra-

68 2186 172 2222 mulo
206 2186 398 2234 paululum
431 2185 635 2222 incrassato
667 2184 897 2233 nidulantur,
928 2193 999 2220 nec
1029 2182 1072 2219 ad
1107 2184 1249 2219 certum
1284 2181 1407 2217 locum
1427 2178 1597 2223 (sorum)

69 2253 246 2293 limitatae.

180 2323 306 2358 Genus
337 2332 355 2357 a
386 2320 574 2357 Grovilleo
613 2320 775 2369 primum
818 2320 1027 2366 fundatum,
1068 2317 1132 2354 sed
1172 2318 1387 2353 charactere
1425 2325 1441 2349 a
1474 2311 1596 2349 liabitu

70 2388 308 2439 potissimum
352 2388 469 2436 petito
509 2398 639 2436 parum
672 2388 834 2436 lirinum,
866 2391 903 2423 et
933 2385 1132 2435 speciebus
1164 2383 1330 2432 pluribus
1362 2385 1438 2416 tuin
1472 2378 1598 2425 tegiti-

72 2456 140 2493 mis
179 2455 351 2503 exclusis,
392 2458 468 2491 tum
510 2454 747 2492 diversorum
780 2465 961 2501 generum
996 2452 1233 2499 introductis,
1264 2449 1359 2486 liand
1395 2448 1462 2484 rite
1494 2445 1597 2482 limi-

72 2526 198 2561 tatum.
258 2524 384 2558 Geniis
416 2523 553 2572 itaque,
582 2523 657 2568 jam
690 2521 735 2558 ab
768 2521 875 2557 initio
908 2521 1115 2564 vaccillans,
1148 2529 1232 2554 cnm
1263 2515 1451 2564 (filigartina
1485 2513 1598 2549 ideu-

70 2590 186 2627 ticum
215 2589 394 2636 Judicaxit
426 2590 633 2638 lloolwrus,
664 2588 854 2625 adnuente
883 2588 998 2623 inuno
1031 2587 1210 2633 Algologo
1242 2583 1374 2620 scotia:
1407 2582 1598 2629 praeclaro.

71 2662 109 2696 ln
156 2657 251 2705 Algis
295 2656 424 2694 incdit.
471 2667 588 2703 genus
634 2656 911 2693 Grevilleanum
958 2654 1157 2691 restituere
1204 2655 1240 2687 et
1281 2651 1390 2697 justis
1421 2648 1598 2686 limitibus

72 2724 384 2762 circumscribere
417 2726 572 2760 conatus
602 2734 698 2771 sum,
729 2722 793 2759 sed
826 2721 1034 2758 differentia
1067 2720 1412 2768 spliaerosporariun
1441 2719 1598 2764 llypnea:

72 2791 283 2831 Gracilariae
321 2795 358 2828 et
396 2791 569 2828 lanchem
613 2789 781 2827 nondinn
818 2789 907 2825 milii
949 2788 1111 2836 cognita,
1143 2798 1279 2833 {genera
1313 2786 1378 2822 ista
1410 2788 1472 2821 aut
1502 2784 1598 2819 male

73 2860 226 2898 limitavi
259 2862 321 2896 aut
351 2869 427 2896 non
459 2857 605 2906 agnovi.
665 2859 814 2894 oeteclu
845 2855 932 2892 dein
964 2866 982 2891 a
1016 2853 1208 2899 liiitzingio
1240 2852 1396 2899 aliisque
1427 2851 1598 2900 sphaero-

74 2938 271 2976 sporarum
305 2926 342 2964 in
373 2924 662 2998 his‘vneribus
692 2923 915 2972 differentia,
950 2922 984 2959 in
1017 2922 1112 2969 Algis
1144 2919 1442 2958 tirannunnismis
1473 2922 1598 2958 Genus
