1895 3208
301 140 394 180 554
702 136 940 178 Commium
961 135 1133 192 (Aucron.
1154 135 1399 194 ARESGHJ.
1678 139 1823 183 Jcmz'a.

409 271 606 319 cornigera
637 269 872 318 subelliptica
901 270 923 307 l.
955 271 1209 322 urnaelormia,
1239 271 1345 320 apice
1375 284 1472 321 poro
1504 276 1672 323 perlusa3
1716 273 1822 311 Peri-

408 345 532 394 sporia
563 355 582 380 e
616 344 733 382 tundo
777 344 975 383 keramidii
1018 345 1229 396 suberecta,
1274 357 1404 395 speras
1447 352 1623 395 quattuor
1659 348 1824 386 zonatim

408 418 628 456 secedentes
660 419 902 457 includentia.

407 530 603 568 Corallinae
632 530 737 569 valde
769 531 882 568 aliine
912 542 1030 580 genus
1062 535 1098 569 et
1131 532 1176 570 ab
1207 533 1343 572 eodem
1377 535 1432 572 vix
1463 533 1534 574 nisi
1566 534 1702 572 fronde
1726 545 1823 572 nor-

298 605 446 642 maliter
476 603 690 643 dichotoma
723 605 926 645 diversum.
985 609 1085 644 Inter
1115 610 1317 657 utrumque
1349 621 1466 657 genus
1496 609 1601 658 quasi
1636 609 1671 647 in
1696 609 1823 647 medio

299 678 417 728 posita
458 679 605 717 videtur
641 679 828 718 Corallina
870 680 1008 729 virgata
1047 680 1238 730 Zanard,
1278 694 1389 732 quam
1428 696 1495 732 pro
1526 684 1629 722 „lania
1661 683 1824 733 rubenti,

298 754 378 792 nisa
420 755 523 792 frons
561 754 710 803 pinnata
751 758 861 805 esset,
894 754 1002 793 facile
1033 756 1202 794 haberes.
1262 761 1456 796 Structura
1485 759 1681 797 Corallinae
1713 769 1825 806 quam

297 828 410 866 laniae
440 829 665 878 plerumque
698 828 856 867 babetur
886 831 974 881 alia,
1007 831 1041 868 in
1075 832 1134 869 illa
1165 832 1309 870 scilicet
1338 836 1494 870 stratum
1525 833 1824 871 interius‘com-

298 903 462 952 positum
494 907 550 940 est
580 904 723 941 cellulis
755 904 992 942 filisormibus
1032 907 1216 955 elongatis
1249 909 1285 944 et
1316 907 1460 945 cellulis
1492 908 1677 958 elliplicis,
1707 908 1825 945 utris-

299 989 373 1026 que
406 978 441 1015 in
472 989 586 1016 zonas
617 981 884 1017 transversales
916 982 952 1017 et
982 982 1210 1019 alternantes
1241 982 1435 1020 ordinatis.
1473 983 1544 1021 Sed
1578 982 1825 1020 insaniarum

300 1056 414 1090 strato
448 1053 619 1090 interiori
652 1054 803 1091 cellulas
835 1054 1029 1105 ellipticas,
1060 1065 1287 1104 quamquam
1320 1057 1491 1095 nondum
1510 1058 1545 1094 in
1562 1068 1674 1094 zonas
1699 1061 1826 1094 trans-

299 1128 463 1164 versales
509 1127 726 1178 dispositas,
772 1128 880 1166 nobis
926 1129 995 1178 ipsi
1028 1130 1247 1168 observasse
1280 1131 1464 1182 videmur,
1495 1134 1532 1168 et
1563 1132 1600 1168 in
1640 1132 1826 1170 Corallina

301 1201 440 1251 virgata
472 1202 566 1239 banc
597 1200 708 1239 Janiae
738 1206 962 1241 structuram
992 1204 1118 1252 potius
1149 1216 1260 1253 qnam
1302 1206 1398 1244 illam
1431 1207 1626 1244 corallium
1656 1207 1828 1246 vidimus.

301 1278 390 1315 lude
430 1278 556 1327 etiam,
602 1280 641 1314 ut
672 1277 781 1314 nobis
813 1277 971 1328 videtur,
1006 1279 1081 1316 baec
1112 1283 1201 1317 nola
1231 1291 1336 1317 mere
1368 1283 1424 1317 est
1454 1281 1706 1320 accidentalis.
1764 1283 1827 1321 Al-

301 1352 405 1389 tioris
436 1352 627 1401 dignitatis
659 1356 726 1403 est,
757 1353 787 1390 si
818 1353 906 1402 quid
941 1353 1114 1405 vidimus,
1154 1354 1258 1392 frons
1289 1365 1443 1403 semper
1472 1354 1700 1394 (licbotoma.
1758 1359 1828 1394 Ar-

301 1428 401 1465 ticuli
449 1426 639 1466 eramil'eri
685 1428 910 1466 normaliter
954 1430 1193 1480 cylindracei,
1233 1429 1397 1467 ramileri
1430 1430 1672 1469 solummodo
1703 1431 1760 1469 vel
1793 1430 1828 1468 in

301 1514 374 1540 una
406 1503 533 1552 specie
578 1505 677 1549 (Jan.
709 1504 961 1549 corniculata)
994 1505 1198 1543 inferiores
1229 1505 1450 1556 compressi,
1483 1506 1644 1555 cuneati,
1676 1506 1829 1543 subcla-

302 1578 372 1614 vati
404 1578 425 1615 l.
457 1577 726 1630 subobbastati,
758 1591 893 1618 omnes
924 1581 1106 1629 geniculis
1144 1581 1357 1618 ecorticatis
1388 1580 1617 1618 brevissimis
1648 1580 1830 1631 adpressi,

301 1652 541 1700 longitudine
587 1653 692 1691 valde
738 1655 935 1705 variantes,
981 1656 1168 1694 diametro
1212 1666 1314 1694 nunc
1360 1657 1438 1693 sere
1485 1654 1690 1705 breviores,
1729 1666 1830 1691 nunc

301 1728 473 1777 multiplo
507 1728 713 1776 longiores.
773 1731 980 1768 Keramidia
1014 1731 1310 1781 inetamorpbosi
1343 1731 1489 1768 articuli
1514 1730 1830 1768 dicliotomiarum

301 1803 542 1852 superiorum
574 1804 689 1841 intimi
722 1809 864 1857 exorta,
893 1806 1126 1855 subelliptica
1159 1807 1180 1844 l.
1214 1806 1467 1855 urnaesormia,
1500 1817 1594 1855 poro
1619 1816 1829 1854 saepepro—

302 1878 414 1915 ducto
456 1881 600 1928 ornata,
645 1879 824 1918 interiora
871 1881 1048 1928 utrinque
1095 1881 1282 1932 ramilera,
1326 1892 1502 1930 suprema
1547 1880 1830 1930 bicorniculata,

303 1952 481 1990 cornibus
527 1954 609 2002 plus
654 1955 778 1991 minus
823 1955 1006 2004 elongatis
1050 1956 1289 1994 lilisormibus
1320 1957 1545 2005 plerumque
1585 1954 1830 2004 simplicibus,

304 2039 577 2076 nonnunquam
624 2028 851 2066 ‹licliotomis
889 2042 956 2067 seu
998 2030 1202 2069 bifurcatis.
1273 2029 1484 2078 Porisporia
1515 2041 1535 2067 e
1568 2029 1685 2066 fundo
1717 2030 1831 2066 kera-

303 2102 423 2152 midii,
461 2103 490 2139 si
529 2104 630 2140 recte
662 2103 998 2156 observaverimus,
1030 2109 1168 2156 erecta,
1198 2116 1329 2154 sporus
1361 2106 1539 2153 quattuor
1568 2105 1732 2142 zonatim
1764 2115 1830 2141 se—

303 2177 481 2215 cedentes
512 2177 753 2215 includenlia.

355 2304 357 2307 .
412 2251 524 2290 Janiae
556 2263 673 2299 genus
713 2256 751 2289 ut
781 2266 798 2291 a
832 2255 1109 2292 Lamourouxio
1142 2255 1163 2292 l.
1195 2266 1224 2292 c.
1257 2254 1380 2303 primo
1412 2254 1671 2304 constitutum,
1702 2265 1721 2290 a
1754 2256 1829 2291 De-

304 2326 455 2364 caisneo
501 2338 729 2375 quamquam
775 2328 956 2377 deinceps
1002 2328 1201 2377 speciebus
1247 2329 1442 2366 Corallinae
1475 2330 1595 2366 fructu
1628 2327 1829 2376 cornigero

306 2401 513 2450 insignibus
555 2405 719 2452 auctum,
765 2413 847 2439 cum
893 2402 1090 2450 Rutzingio
1136 2404 1373 2440 immutatum
1416 2415 1608 2441 reservare
1647 2404 1830 2441 volumus

304 2476 433 2521 Quoad
478 2477 581 2513 enim
626 2480 850 2515 structuram
895 2478 1079 2515 Corallina
1111 2477 1257 2515 Cuviori
1290 2478 1498 2526 affinesque
1530 2489 1613 2515 cum
1646 2478 1829 2516 Corallina

306 2551 483 2588 ol'licinali
531 2553 642 2599 longe
687 2552 804 2599 magis
849 2563 960 2600 quam
1007 2563 1091 2589 eum
1135 2553 1249 2590 Janiis
1289 2553 1385 2590 veris
1417 2553 1663 2601 conveniunt;
1694 2552 1831 2590 babent

305 2627 406 2662 enim
439 2626 491 2663 bae
522 2627 669 2675 species
702 2628 738 2664 in
771 2630 886 2664 strato
919 2626 1090 2664 interiori
1124 2628 1276 2665 cellulas
1308 2628 1488 2676 ellipticas
1515 2628 1549 2664 in
1573 2638 1687 2665 zonas
1705 2629 1829 2663 trans-

306 2701 467 2737 versales
512 2701 721 2749 dispositas.
795 2706 1026 2750 Quamquam
1071 2704 1196 2739 autem
1241 2705 1440 2752 structura,
1484 2705 1524 2739 ut
1562 2711 1673 2749 supra
1703 2712 1829 2737 anno-

306 2775 476 2825 lauimus,
516 2775 613 2812 inter
650 2780 852 2824 utrumqne
895 2788 1014 2825 genus
1045 2779 1174 2814 nolam
1205 2777 1261 2813 vix
1293 2777 1404 2814 ullam
1437 2774 1676 2813 essentialem
1709 2774 1830 2824 ollert,

307 2853 431 2886 tannen
478 2851 596 2897 qualis
641 2851 687 2887 sit
718 2851 940 2889 normaliter
971 2850 1006 2887 in
1040 2851 1235 2900 utriusque
1267 2852 1482 2888 charactere
1512 2860 1727 2887 memorare
1759 2859 1829 2887 vo-

307 2922 454 2960 luimus.
