1895 3208
138 144 404 204 'ltophyllutm
678 146 1059 190 Sruffiuococcomi-:r-E.
1535 147 1625 187 657

151 273 154 275 ⁵
213 280 299 319 llab.
332 281 367 318 in
401 291 546 318 oceano
577 281 752 318 atlantico
770 281 813 318 ad
834 293 917 319 oras
933 280 1069 329 Angliae
1088 279 1196 326 (Dzna
1212 278 1413 326 Grisfitlist)
1445 282 1481 317 et
1509 281 1632 317 Galliae

102 349 304 393 (cliauvint
336 349 542 397 Crouanl);
576 349 611 386 in
644 348 736 385 mari
768 348 1048 385 mediterraneo
1079 347 1124 384 ad
1156 346 1353 385 Massiliam
1387 348 1582 395 (solierl).

194 427 277 467 Alga
308 423 660 469 172—3—pollicaris,
697 427 817 466 stipite
858 425 1040 458 nonnullas
1080 425 1188 456 lineas
1228 425 1295 457 alto
1330 428 1490 458 cuneato.
1540 425 1632 459 Vena

101 485 306 526 principalis
332 487 442 517 costa·
469 485 511 517 ad
540 486 648 517 instar
674 486 828 526 stipitem
857 485 1040 525 percurrit,
1068 493 1159 516 nune
1189 483 1396 527 evidentior,
1419 494 1510 519 nunc
1525 486 1633 520 obso—

103 543 180 585 leta,
208 552 312 584 supra
339 544 494 585 stipitem
524 544 646 585 divisa,
674 545 772 575 venis
799 543 946 584 siugulis
974 542 1247 575 obsoletioribus
1274 543 1316 575 ad
1343 545 1521 577 sectiones
1536 544 1633 578 fron-

102 600 155 634 dis
194 601 429 634 tendentibus.
491 601 598 634 Frons
632 601 797 642 juxcnilis
825 603 984 643 cuneata,
1010 601 1142 633 sensim
1171 600 1272 632 latior
1298 601 1469 635 ilabellata
1498 605 1533 636 et
1557 602 1632 636 basi

102 659 240 692 demum
269 660 466 692 renisormis
493 659 696 701 ambil-uque
723 659 919 701 rotundatu,
946 667 963 689 a
992 658 1188 700 peripheria
1216 659 1404 691 introrsum
1427 659 1504 700 plus
1519 661 1633 693 minus

100 715 271 757 profunde
304 720 414 750 secta.
474 717 623 750 Laciniae
659 718 871 759 principales
906 715 1104 750 conformes
1133 718 1304 758 cuneatae,
1331 718 1485 750 minores
1512 728 1530 752 a
1557 719 1632 752 basi

99 773 222 806 latiore
256 777 444 809 attenuata·
477 776 626 809 obtusae.
682 775 758 808 Sori
792 778 846 808 sat
872 776 1067 817 conspicui,
1095 775 1204 807 lineas
1233 775 1503 815 longitudinales
1530 785 1634 810 secus

101 833 276 872 margines
309 833 512 877 formantes,
546 834 762 866 semilineam
798 833 889 866 baud
925 834 995 876 lati,
1029 833 1092 865 sed
1119 833 1238 875 plures
1266 834 1374 866 lineas
1402 836 1496 874 (sine
1524 836 1634 868 inter-

100 891 281 933 ruptione)
309 902 405 934 sis-po
432 893 536 933 longi.
589 890 755 925 Coccidia
787 892 956 924 diametro
987 892 1205 924 semilineam
1233 893 1290 924 vix
1313 892 1505 931 attingente
1522 892 1635 925 bemi-

101 947 287 992 spliaerica,
328 952 359 982 in
399 950 496 983 disco
536 953 571 983 et
607 959 711 983 secus
751 951 925 990 margines
964 951 1169 982 laciniarum
1196 949 1467 990 penultimarum
1493 952 1634 992 parcius

100 1016 234 1048 sparsa.
289 1009 391 1042 Color
416 1018 434 1042 e
462 1017 561 1042 roseo
588 1017 861 1051 purpurascens.
917 1007 1122 1042 Substantia
1148 1007 1429 1051 membranacea,
1455 1011 1489 1042 in
1515 1011 1634 1051 stipite

100 1065 241 1098 firmior.

192 1125 270 1159 Sec.
309 1126 462 1160 Cliauvin
502 1127 577 1160 baec
615 1130 670 1160 est
710 1128 842 1170 planta,
880 1137 957 1170 qum
996 1128 1029 1159 in
1067 1125 1158 1158 Herb
1187 1126 1404 1160 Lamouroux
1431 1129 1571 1160 nomine
1595 1128 1635 1161 D.

101 1182 246 1217 Gmelini
280 1188 450 1219 servatur.
509 1185 702 1228 Utcumque
736 1188 782 1219 sit
814 1186 890 1229 boc,
928 1196 971 1218 ex
999 1184 1115 1217 verbis
1141 1185 1386 1218 Lamourouxii
1411 1185 1509 1226 [Ess.
1530 1196 1566 1229 p.
1594 1188 1635 1220 36

100 1246 172 1279 not.
198 1245 236 1287 7)
253 1245 286 1286 ³⁶)
329 1244 466 1278 abunde
507 1247 605 1286 patet
642 1254 758 1278 veram
802 1245 1045 1278 Lamourouxii
1073 1245 1308 1277 Dolesseriam
1335 1244 1482 1277 Gmelini
1509 1253 1589 1278 esse
1617 1256 1634 1278 a

100 1306 220 1346 speeie
259 1303 466 1346 homonyma
502 1303 719 1337 Grovilleana
746 1303 920 1337 diversam
947 1306 981 1336 et
1006 1305 1038 1336 ni
1069 1303 1167 1336 fallor
1193 1312 1273 1336 cum
1299 1302 1338 1335 D.
1364 1303 1633 1338 Bonnemaisoni

100 1364 200 1396 Grev.
226 1362 426 1395 identicam.
476 1362 604 1395 Stricto
632 1363 749 1404 itaque
774 1363 967 1404 prioritatis
989 1362 1067 1403 jure
1093 1362 1370 1405 adpellarentur:

145 1420 377 1463 Nitophyllum
403 1421 671 1454 Bonnemaisoni
700 1421 756 1454 Gr.
784 1434 826 1451 =
852 1420 1088 1464 Nitopbyllum
1116 1421 1262 1454 Gmelini
1291 1420 1450 1455 Lamour.
1479 1422 1553 1456 Ess.

144 1480 378 1522 Nitophyllum
405 1479 516 1512 Hilliae
543 1479 643 1512 Grex.
781 1492 828 1509 =
852 1478 1087 1522 Nitopliyllum
1114 1479 1384 1513 Bonnemaisoni
1411 1480 1473 1521 Ag.

143 1538 379 1581 Nitopbyllum
407 1537 553 1570 Gmelini
581 1538 680 1571 Grev.
785 1551 826 1568 =
854 1537 949 1570 Novo
984 1539 1124 1571 nomine
1158 1537 1358 1580 salutandas,
1385 1547 1403 1571 a
1431 1537 1531 1572 Patre
1557 1538 1633 1572 liaec

851 1596 1056 1638 jamdudum
1083 1594 1125 1628 J).
1154 1594 1336 1638 Griffitsc'ae
1363 1597 1456 1630 dicta
1482 1596 1557 1630 suit.

100 1658 213 1696 Quum
251 1664 332 1689 vero
371 1657 512 1697 species
550 1655 604 1688 lun
637 1664 758 1688 omnes
785 1656 865 1688 ante
892 1655 1102 1688 Grevilleum
1129 1663 1253 1707 parum
1277 1655 1466 1689 intellectas
1493 1655 1634 1697 fuerint,

100 1719 135 1749 et
160 1716 301 1749 nomina
340 1714 558 1748 Grevilleana
597 1713 640 1747 ab
679 1713 840 1747 omnibus
878 1713 981 1747 hodie
1015 1716 1156 1757 recepta
1185 1715 1266 1755 sint,
1295 1713 1419 1747 eadem
1445 1714 1635 1757 rejicienda

101 1773 195 1807 baud
219 1773 348 1816 putavi.

102 1900 136 1940 6.
167 1903 206 1941 N.
238 1909 438 1939 LACERATUM
470 1899 571 1945 (th.
614 1899 713 1937 Hist.
751 1910 788 1947 p.
836 1897 931 1944 479)
977 1899 1102 1948 stipite
1147 1901 1308 1936 cuneato
1342 1902 1500 1950 costato,
1531 1905 1633 1939 costa

211 1980 324 2018 supra
352 1967 519 2018 stipitem
552 1968 588 2005 in
620 1977 734 2005 venas
764 1967 949 2005 flexuosas
967 1967 1366 2005 subanastomosantes
1383 1966 1428 2004 ad
1447 1967 1636 2006 sectiones

100 2138 153 2169 50.
178 2134 255 2169 Nir.
280 2142 410 2167 AFFINE
437 2131 567 2175 (Harv.
593 2134 630 2167 in
655 2131 762 2166 Hoolc.
788 2131 891 2166 Jour.
919 2131 1005 2165 4844
1029 2142 1063 2176 p.
1093 2132 1175 2174 447)
1203 2131 1324 2165 fronde
1341 2133 1496 2175 stipitata
1513 2132 1635 2166 flabel-

193 2194 321 2227 lisormi
347 2193 500 2226 lacerata
525 2192 640 2224 enervi
676 2191 751 2224 basi
777 2193 984 2234 incrassata,
1010 2191 1147 2223 laciniis
1174 2190 1461 2231 subpinnatitidis
1488 2190 1635 2224 sinubus

195 2251 403 2294 rotundatis,
436 2251 525 2283 soris
561 2250 703 2283 minutis
735 2250 895 2291 oblongis
930 2251 963 2282 in
991 2250 1126 2283 laciniis
1153 2250 1284 2283 ultimis
1312 2258 1416 2284 secus
1443 2252 1635 2292 marginem

195 2311 388 2355 dispositis.

193 2370 232 2404 N.
258 2370 361 2403 affine
387 2369 493 2404 Harey.
521 2369 542 2403 l.
568 2379 597 2404 c.
623 2367 706 2402 Ner.
733 2369 848 2402 auser.
870 2377 905 2411 p.
934 2369 1010 2402 4⁴9.

196 2430 458 2472 Aglaophyllum
484 2428 586 2461 asliue
613 2427 714 2462 Kritz.
741 2437 792 2470 sp.
815 2437 851 2470 p.
879 2428 961 2461 869!

195 2487 280 2520 Hah.
308 2488 352 2521 ad
376 2496 455 2520 oras
481 2486 675 2520 Tasmaniae
701 2486 855 2528 (Gunn.)

196 2545 349 2579 Frondes
375 2546 685 2587 5—6-pollicares‚
713 2545 785 2578 fere
810 2554 910 2587 aeque
936 2545 1026 2586 latae,
1042 2545 1221 2587 stipitatae‚
1237 2544 1271 2577 in
1287 2545 1466 2585 segmenta
1488 2544 1636 2586 plurima

103 2604 241 2637 enervia
269 2604 496 2645 pinnatitidae.
535 2603 610 2637 Sori
638 2605 760 2637 minuti
789 2603 1010 2643 marginales.
1046 2602 1191 2644 Species
1220 2603 1364 2636 ulterius
1391 2604 1632 2638 examinanda.

196 2697 226 2739 Ἴ
253 2696 461 2730 Delesserire
497 2696 645 2729 Gmelini
672 2696 806 2730 fructus
831 2704 896 2739 per
920 2695 1071 2729 mediam
1096 2691 1318 2738 superficiem
1343 2704 1490 2739 sparsos
1517 2696 1637 2730 tribuit

104 2755 342 2798 Lamouroux3
376 2754 466 2788 sacta
504 2756 646 2796 insuper
677 2755 901 2788 adnotatione
934 2763 971 2786 se
1005 2756 1190 2795 utrumque
1218 2752 1367 2785 fructum
1396 2753 1536 2785 vidisse.
1585 2752 1635 2785 Ne

105 2815 182 2856 quis
219 2813 379 2846 crederet
420 2813 516 2846 illum
555 2813 620 2846 hoc
658 2813 734 2846 loco
775 2813 817 2846 de
843 2812 1018 2845 Coccidiis
1044 2811 1150 2854 loqui,
1177 2810 1367 2845 observare
1394 2811 1491 2844 lubet
1516 2814 1636 2854 cyste-

105 2872 222 2913 earpia
250 2873 283 2904 in
308 2871 348 2904 D.
375 2871 526 2905 lacerata
562 2880 630 2905 non
666 2874 774 2913 magis
809 2880 888 2904 esse
915 2870 1118 2912 marginalia
1144 2878 1247 2912 quam
1275 2871 1308 2902 in
1336 2869 1374 2902 D.
1402 2868 1567 2910 Gmeliui3
1593 2869 1635 2901 de

105 2929 158 2963 bis
184 2932 300 2972 itaque
318 2929 419 2964 'haud
443 2930 610 2973 loquitur.

236 2987 272 3020 ΙΙ.
1465 2985 1507 3017 43
