1895 3208
267 141 293 180 6
302 141 326 181 S
335 140 361 180 6
833 138 1216 182 SPHAEROCOCCOlDEAE.
1540 140 1792 187 Delesseria.

359 272 620 322 'crassioribus
651 274 687 308 et
717 270 969 321 brevioribus,
1007 273 1102 311 soris
1140 274 1486 324 spliaerosporarum
1518 277 1554 316 in
1586 281 1691 328 parte
1722 291 1790 317 su-

372 340 525 390 periore
556 339 869 377 infra-terminali
902 345 1186 388 segmentorum
1217 344 1402 392 expansis.

354 429 590 462 Rbedomenia
616 429 727 462 Baerii
755 429 847 463 Post.
875 432 907 464 et
931 429 1041 474 Rupr.
1069 430 1088 464 l.
1116 442 1146 467 c.

352 488 549 520 Delesseria
574 487 687 520 Baerii
713 487 821 532 Rupr.
848 487 918 533 Alq.
946 487 1066 523 Oclwc.
1088 501 1123 533 p.
1149 492 1243 525 ς239ὶέ
1272 492 1381 533 (exol.
1410 494 1504 536 syn.)

371 571 455 608 llab.
488 571 524 608 in
557 582 702 609 oceano
733 571 882 609 Glaciali
915 572 959 609 ad
992 584 1076 611 oras
1108 575 1303 624 Lapponiae
1324 577 1426 623 Juxta
1445 581 1682 626 promontor.
1716 580 1789 617 Ka-

258 639 322 676 nin
356 637 620 687 (Ruprecht!);
653 639 688 676 in
720 639 813 676 mari
846 640 1007 678 Ochotzk
1038 642 1406 690 (Wosnessenskyl).

352 726 529 769 Speciesa
558 735 611 758 me
639 729 772 760 tantum
798 729 927 761 sterilis
956 728 1142 763 observata
1169 733 1205 763 et
1230 731 1383 765 nondum
1411 734 1495 765 satis
1524 736 1673 778 cognita,
1700 736 1788 768 inter

257 785 296 819 D.
323 788 508 819 rostratam
535 788 570 818 et
594 785 634 818 D.
661 785 905 828 corymbosam
934 788 1192 829 quodammodo
1221 790 1437 834 intermedia,
1453 790 1496 824 ab
1513 794 1657 835 utraque
1672 796 1788 829 tamen

257 848 294 878 ut
320 845 400 878 mihi
429 845 565 878 videtur
591 845 769 878 distincta.
826 845 990 879 Sectione
1017 848 1217 880 trasversali
1244 850 1353 890 partis
1379 849 1554 884 inferioris
1580 851 1620 886 D.
1649 861 1789 895 corym-

257 903 343 936 bosa
376 903 447 936 fere
482 904 622 936 omnino
655 903 876 946 cylindraeea
910 904 1071 947 adparet,
1105 905 1144 938 D.
1171 906 1279 939 Baerii
1309 916 1388 940 vero
1416 916 1788 952 compresso-anceps.

256 962 408 1004 Utraque
441 961 575 994 inferne
608 963 804 995 crassitiem
840 972 964 1004 pennae
1000 965 1195 1005 passerinae
1228 967 1397 999 tenuioris
1432 968 1487 1000 vix
1522 969 1676 1010 attingit3
1703 970 1787 1002 rami

256 1022 457 1063 superiores
485 1020 556 1052 sere
582 1022 725 1054 setacei.
784 1020 821 1053 D.
850 1024 999 1055 rostrata
1025 1025 1080 1055 est
1107 1022 1177 1055 sere
1205 1024 1393 1064 capili-aris,
1443 1024 1538 1058 Rami
1561 1026 1718 1067 juniores
1747 1027 1787 1063 D.

256 1081 416 1113 rostratae
450 1081 532 1112 sunt
565 1081 675 1120 magis
709 1081 870 1121 patentes
905 1090 1007 1123 quam
1036 1083 1068 1114 iu
1097 1082 1251 1124 reliquis.
1302 1083 1372 1115 sub
1400 1085 1634 1128 microscopio
1661 1085 1786 1119 obser-

254 1142 381 1172 vantur
406 1140 438 1171 in
465 1137 504 1170 D.
532 1141 681 1171 rostrata
707 1139 806 1180 quasi
834 1139 935 1172 linea:
962 1140 980 1171 3
1009 1141 1215 1173 cellularum
1242 1142 1492 1185 elongatarum,
1522 1152 1600 1185 quae
1627 1143 1669 1176 ab
1685 1145 1785 1185 apice

254 1199 515 1238 segmentorum
543 1196 706 1229 deorsum
734 1197 934 1240 decurrunt,
963 1200 1096 1230 costam
1123 1199 1381 1240 quodammodo
1410 1199 1616 1243 formantes,
1650 1202 1786 1235 cellulae

254 1259 332 1290 istm
369 1258 450 1289 suut
487 1256 657 1289 diametro
697 1255 801 1297 duplo
839 1255 1034 1297 longio==es3
1073 1259 1170 1289 extra
1203 1256 1265 1289 has
1294 1258 1419 1299 triplex
1446 1261 1557 1292 series
1584 1260 1785 1294 cellularum

255 1315 495 1356 angulatarum
531 1315 564 1347 in
598 1315 788 1354 segmentis
820 1314 1022 1355 penultimis
1056 1315 1158 1348 adest
1189 1319 1224 1349 et
1259 1318 1459 1357 marginalis
1486 1321 1625 1353 constat
1651 1321 1785 1354 cellulis

253 1373 552 1415 longitudinaliter
577 1373 748 1413 elongatis
776 1374 810 1404 et
834 1373 986 1405 seriatis.
1048 1372 1082 1406 ln
1108 1373 1147 1406 D.
1174 1374 1284 1407 Baerii
1312 1375 1445 1408 eaedem
1472 1377 1607 1410 cellulae
1633 1381 1785 1413 costales

254 1434 382 1466 adsunt
414 1434 449 1464 at
480 1431 660 1464 breviores
687 1433 721 1463 et
747 1432 858 1471 magis
892 1431 1101 1471 irregulares
1129 1433 1183 1473 (in
1209 1433 1326 1475 planta
1353 1433 1561 1478 Ochotensi3
1585 1436 1785 1480 Lapponica

254 1491 336 1524 mihi
369 1491 435 1523 hoc
470 1493 631 1533 respectu
660 1489 796 1522 diversa
824 1490 1006 1532 adparet),
1033 1491 1235 1525 cellularum
1263 1493 1505 1533 angulatarum
1529 1495 1648 1536 plures
1674 1498 1784 1530 series

254 1550 406 1583 costales
439 1551 595 1590 cingunt,
629 1551 664 1581 et
697 1549 905 1589 marginales
939 1548 1011 1582 sere
1038 1551 1236 1583 verticales.
1288 1551 1321 1585 ln
1348 1551 1387 1584 D.
1414 1556 1622 1597 corymbosa
1649 1556 1784 1589 cellulae

252 1609 404 1642 costales
430 1617 510 1642 cum
531 1609 670 1641 caeteris
696 1608 921 1641 conveniunt.
972 1607 1252 1652 Descriptionem
1279 1610 1412 1645 fructus
1440 1621 1457 1644 a
1479 1612 1690 1655 Ruprechtio
1706 1623 1784 1647 mu—

252 1670 368 1701 tuatus
388 1676 476 1700 sum.
501 1666 564 1699 Hic
580 1665 776 1708 Sporangia
802 1667 1006 1708 marginalia
1034 1668 1384 1714 longepedunculata‚
1412 1672 1512 1713 apice
1528 1671 1666 1705 demum
1682 1672 1783 1713 longe

252 1725 600 1767 subulam-caudata,
635 1726 670 1757 et
703 1724 970 1767 sphaerosporas
995 1726 1031 1758 in
1056 1735 1156 1760 soros
1184 1727 1365 1769 elongatos
1392 1729 1480 1762 infra
1510 1732 1646 1772 apicem
1672 1731 1783 1764 2-3-

251 1784 358 1817 fidum
383 1786 644 1826 segmentorum
673 1783 840 1816 collectas
867 1783 1065 1827 descripsit.

252 1933 286 1973 9.
319 1937 356 1972 D.
386 1943 639 1973 ANGUSTISSlMA
673 1934 808 1984 (Griff.
849 1939 985 1983 mser.)
1029 1936 1164 1975 fronde
1203 1938 1334 1976 lineari
1367 1939 1531 1989 ancipite
1563 1939 1629 1978 alis
1659 1940 1781 1979 desti-

361 2006 437 2040 tuta
482 2002 910 2054 dichotomo-pinnata,
961 2005 1169 2052 segmentis
1214 2006 1476 2055 superioribus
1520 2007 1780 2046 subcuneato-

360 2070 567 2108 linearibus
599 2071 866 2110 obtusiusculis
895 2073 1067 2120 margine
1099 2073 1367 2124 integerrimis,
1398 2075 1576 2112 coceidiis
1595 2075 1631 2112 in
1650 2076 1781 2124 phyllis

360 2138 576 2176 axillaribus
613 2139 896 2188 segmentisque
933 2140 1195 2179 terminalibus
1233 2141 1432 2193 immersis,
1474 2146 1598 2181 rostro
1640 2153 1780 2192 super-

360 2206 553 2245 eminente
596 2206 712 2256 duplo
757 2207 1005 2246 crassioribus
1042 2209 1280 2257 longitudine
1324 2211 1405 2248 sere
1435 2211 1652 2262 aequalibus,
1682 2211 1779 2248 soris

359 2275 708 2324 sphaerosporarum
741 2275 778 2312 in
810 2276 1019 2324 pliyllorum
1061 2277 1271 2316 axillarium
1302 2283 1665 2328 segmentorumque
1697 2282 1778 2316 ter-

357 2342 555 2379 minalium
587 2346 692 2392 parte
723 2355 898 2393 suprema
930 2345 1129 2384 immersis.

341 2430 538 2464 Delesseria
565 2433 813 2473 angustissima
841 2430 939 2475 Grill'.
967 2443 1074 2467 mser.
1100 2435 1137 2468 in
1162 2433 1271 2469 Ham).
1298 2435 1436 2479 Phycol.
1463 2434 1551 2470 Brit.
1577 2435 1645 2470 tab.
1672 2436 1730 2469 83!

341 2489 454 2523 Fucus
494 2490 604 2523 alatus
641 2502 676 2534 y.
716 2492 986 2532 angustissimus
1029 2491 1132 2527 Turn.
1157 2492 1240 2540 Syn,
1266 2492 1350 2528 Fuc.
1376 2494 1404 2529 I.
1426 2505 1462 2538 p.
1491 2494 1567 2528 445.
1594 2493 1682 2527 Hisc.
1708 2493 1776 2527 tab.

250 2548 313 2580 1100
337 2545 394 2592 fiq.
420 2548 510 2582 lc—l.

342 2606 540 2640 Delesseria
574 2607 664 2640 alata
699 2617 731 2650 γ.
767 2609 1017 2649 angustissima
1043 2609 1100 2654 Ay.
1124 2609 1180 2654 Sp.
1209 2609 1279 2655 Alq.
1307 2610 1335 2644 I.
1357 2621 1393 2654 p.
1422 2612 1498 2644 479.
1523 2610 1613 2654 Syst.
1636 2621 1671 2654 p.
1698 2612 1776 2643 250.

249 2663 350 2698 Grev.
379 2666 448 2710 Alq.
476 2665 563 2700 Brit.
585 2677 621 2710 p.
649 2667 701 2702 74.

341 2723 596 2767 Hypoglossum
623 2727 908 2766 angustissimum
935 2725 1037 2760 Kritz.
1060 2736 1111 2770 sp.
1135 2737 1170 2770 p.
1197 2727 1274 2761 877.

342 2782 537 2816 Gelidium?
567 2787 755 2817 rostratum
783 2782 882 2827 Griff.
908 2785 944 2819 in
969 2785 1078 2819 Ilarv.
1104 2785 1201 2819 Man.
1222 2797 1258 2830 p.
1286 2788 1340 2820 82.

340 2839 453 2874 Fucus
480 2843 591 2876 alatus
612 2843 730 2884 junior
756 2841 831 2877 Gm.
857 2843 946 2878 Hist.
972 2844 1040 2879 tab.
1068 2846 1111 2878 25
1134 2842 1190 2888 fig).
1216 2848 1248 2879 ⁶2.

358 2923 443 2960 llab.
475 2924 520 2962 ad
553 2938 637 2964 oras
668 2928 876 2966 lnsularum
907 2928 1103 2966 Britanniae
1134 2929 1307 2977 (Brodiel
1338 2927 1512 2974 niekiel).
