1895 3208
110 159 461 204 Lithotlmmnion.
534 161 774 204 Conlatum
793 164 969 217 (AUCTOR.
993 161 1241 211 mesca).
1555 165 1648 205 5⁴23

203 289 312 322 Frons
350 291 383 322 in
423 299 500 322 meo
539 291 735 332 specimine
773 290 902 323 coloris
940 284 1243 332 griseo-calcarei,
1270 291 1442 325 diametro
1470 301 1583 334 usque
1609 294 1651 324 55-

109 349 300 390 pollio-aris,
341 348 827 390 pulvinato-hemispbaerica,
867 348 992 380 subtus
1031 349 1063 380 in
1106 348 1220 380 medio
1257 357 1355 392 cava,
1388 351 1461 382 tota
1499 358 1518 382 e
1545 351 1650 382 ramis

111 405 327 438 fruticulosis
353 405 432 446 plus
458 406 573 437 miuus
599 406 728 437 erectis
755 405 969 437 densissime
996 407 1191 446 compactis
1208 408 1243 437 et
1257 406 1649 447 lriiilvinato-lastigiatis

110 462 268 495 formata.
316 462 413 495 Rami
441 463 644 495 normaliter
670 462 895 504 cylindracei,
923 462 1057 494 inferne
1084 463 1174 494 iuter
1201 472 1238 494 se
1266 464 1549 496 anastomosibus
1565 473 1649 496 coa-

110 520 242 562 dunati,
275 520 426 561 indeque
458 520 537 561 plus
571 521 685 552 minus
720 521 928 561 compressi,
962 520 1131 552 multitide
1159 521 1335 563 ramulosi,
1363 522 1501 562 apicem
1527 531 1649 553 versus

107 578 316 620 plerumque
343 579 524 620 attenuati,
551 578 666 610 saltim
692 586 870 619 nunquam
900 578 1097 610 incrassati.
1153 577 1352 610 Keramidia
1379 579 1512 611 elevata
1541 579 1649 611 dense

107 642 172 676 per
197 643 313 667 ramos
342 644 464 677 sparsa
490 644 649 679 poroque
677 636 859 667 evidenter
884 638 1040 677 pertusa.

200 691 304 725 Sebae
342 694 462 733 figura,
490 701 507 725 a
535 693 636 725 nobis
672 694 790 730 citata,
830 702 908 726 cum
949 696 1070 725 nostro
1111 694 1308 734 specimine
1346 693 1437 726 bene
1475 695 1649 737 convenit,

106 749 213 781 ramis
238 750 420 791 paululum
450 751 671 784 tenuioribus
697 750 919 783 solummodo
949 750 1133 783 recedens.

108 839 141 878 4.
174 843 265 878 Liru.
297 845 645 881 BnAssicA-Ftonim
691 843 832 887 (Harv.
878 842 972 879 Ner.
1005 846 1134 880 austr.
1165 855 1201 890 p.
1239 844 1332 891 ΜΟ)
1361 840 1520 881 ”fronde
1549 844 1648 892 lapi-

216 908 397 946 descente
442 909 658 958 ponderosa
706 909 864 956 globosa
908 920 929 945 e
977 912 1112 945 centro
1159 910 1329 957 undiquc
1375 909 1649 953 ramosissima,

215 976 329 1012 ramis
361 975 438 1014 basi
471 975 842 1013 anastomosanlibus
873 976 981 1024 apice
1012 977 1208 1014 multifidis
1226 975 1649 1024 corymboso-sasciru—

217 1042 299 1078 latis
329 1042 537 1092 fastigiatis,
567 1041 736 1091 apicibus
767 1039 1166 1080 mai11i11aes0rmibi1s.”

197 1116 390 1151 Melobesia
416 1117 726 1150 Brassica-florida
751 1116 860 1150 Harv.
887 1118 910 1151 l.
937 1128 967 1151 c.

214 1187 300 1225 Ilab.
335 1191 374 1226 ln
406 1188 491 1225 sinu
520 1189 632 1235 Algoa
666 1190 791 1233 (Harv.
823 1189 844 1226 l.
876 1188 928 1235 c.)

199 1261 330 1296 ”Frons
368 1264 526 1306 globosa,
564 1264 654 1295 2—-3
680 1264 803 1296 uncias
836 1264 1008 1296 diametro
1044 1272 1202 1306 aequans,
1239 1273 1258 1296 e
1292 1268 1413 1299 centro
1450 1276 1588 1301 ramosa
1615 1273 1649 1302 et

104 1326 240 1360 cymam
266 1321 437 1354 Brassicae-
462 1321 597 1353 floridae
624 1321 751 1352 eximie
778 1318 967 1353 reserens.”
996 1320 1190 1362 (Descript.
1217 1321 1362 1365 Harveyi
1390 1326 1577 1366 exscript.)

104 1411 139 1449 5.
170 1415 263 1450 LiTn.
295 1417 459 1452 DARW1N1
499 1414 638 1458 (Harv.
679 1412 772 1451 Ner.
810 1417 939 1451 austr.
979 1424 1016 1460 p.
1061 1413 1155 1460 409)
1194 1415 1386 1465 fruticosa,
1417 1418 1647 1469 ponderosa,

215 1480 483 1530 ramosissima,
529 1481 642 1517 ramis
686 1481 915 1518 densissime
959 1481 1172 1528 aggregatis
1217 1483 1355 1520 erectis
1402 1485 1440 1520 in
1484 1497 1644 1522 massam

215 1557 380 1583 crassam
411 1547 615 1596 congestis,
647 1547 802 1584 ramulis
833 1547 1072 1585 vestientibus
1103 1549 1210 1596 apice
1241 1549 1452 1587 conoideis.

196 1621 389 1655 Melobesia
413 1621 557 1655 Darvini
584 1622 692 1656 Harv.
719 1623 741 1656 l.
767 1633 797 1656 c.
1090 1663 1093 1665 ,

215 1692 302 1730 [lab.
335 1693 373 1729 in
405 1693 498 1740 King
527 1692 709 1740 George’s
740 1693 881 1731 Sound.
916 1694 1119 1741 (Darwin).

196 1767 337 1801 Format
362 1771 509 1802 stratum
538 1771 755 1803 extensionis
781 1772 922 1812 ignotae,
949 1770 1040 1802 2-3
1067 1770 1188 1801 uncias
1215 1769 1334 1813 altum,
1368 1769 1551 1805 frondibus
1584 1782 1645 1815 cy-

107 1825 299 1859 lindraceis
325 1827 476 1859 ramosis
505 1827 808 1868 lapidescentibus
836 1828 1031 1869 compactis
1058 1826 1261 1868 formatum,
1288 1828 1478 1861 divisiones
1505 1833 1646 1873 erectzr,

103 1884 236 1917 ultimae.
262 1885 383 1917 liberae
411 1887 448 1918 et
472 1884 779 1918 mamillaeformes.
836 1884 957 1917 Planta
991 1885 1168 1925 congeriei
1202 1885 1417 1918 stalactitum
1444 1895 1511 1918 non
1539 1887 1645 1919 dissi—

104 1940 196 1974 milis
225 1940 417 1983 (Descript.
443 1941 544 1976 Harv.
571 1943 761 1984 exscript.)

106 2033 140 2071 6.
171 2037 264 2071 Lirn.
296 2043 501 2073 CALCAREUM
533 2035 627 2080 (Eli.
661 2039 698 2072 et
730 2034 807 2072 Sol.
836 2046 873 2083 p.
913 2033 985 2072 ⁴29
1018 2039 1042 2072 t.
1074 2033 1124 2072 23
1155 2033 1184 2083 f.
1221 2033 1288 2081 43)
1321 2035 1456 2073 fronde
1490 2041 1645 2074 erecto-

215 2101 436 2138 sruticulosa
467 2101 549 2143 alba
579 2102 810 2151 dicliotoina,
843 2102 957 2139 ramis
988 2102 1138 2139 inferne
1156 2103 1459 2140 coalescentibus
1478 2115 1645 2152 superne

215 2167 442 2214 regulariter
469 2167 597 2204 divisis
628 2168 839 2206 attenuatis.

197 2253 379 2296 Millepora
405 2253 564 2286 calc-area
591 2252 656 2286 Ell.
682 2255 716 2287 et
739 2253 809 2287 Sol.
835 2254 858 2287 l.
885 2265 915 2290 c.
942 2273 986 2279 —-
1012 2252 1202 2288 Lamarcls.
1228 2253 1317 2288 Hist.
1343 2255 1374 2288 d.
1389 2256 1497 2289 anim.
1512 2265 1540 2289 s.
1556 2257 1644 2288 vert.

105 2313 124 2344 2
175 2335 182 2344 .
209 2311 288 2344 ⁶204.

147 2321 170 2354 p
199 2367 390 2401 Melobesia
428 2369 589 2402 calcarea
630 2368 739 2403 Harv.
776 2368 873 2403 Man.
909 2366 955 2411 of
978 2368 1069 2402 Brit.
1103 2370 1174 2413 Alq.
1208 2370 1260 2404 ed.
1291 2371 1324 2403 ⁶2.
1350 2388 1395 2394 -—
1419 2368 1503 2402 Ner.
1530 2371 1644 2401 ausis.

100 2437 137 2469 p.
165 2428 240 2459 iio.

218 2507 305 2545 [lab.
343 2507 380 2545 in
420 2509 514 2545 mari
559 2509 736 2546 atlantico
776 2509 820 2545 ad
864 2508 987 2546 littora
1019 2508 1217 2558 Britannice
1249 2511 1286 2544 et
1314 2508 1457 2556 Gallioe3
1489 2508 1524 2544 in
1556 2519 1643 2544 me-

106 2575 349 2624 diterraneo;
379 2574 424 2612 ad
457 2577 598 2613 Novam
629 2575 845 2612 Zelandiam
877 2576 1091 2622 insulasque
1117 2575 1340 2623 Gallopagos
1358 2585 1431 2611 sec.
1450 2575 1594 2611 IIarv.l
1614 2585 1643 2611 c.

199 2662 309 2695 Frons
338 2661 545 2694 fruticulosa
570 2661 863 2703 2—3-pollicaris
890 2661 1178 2703 subdicbotoma3
1204 2663 1288 2693 rami
1315 2661 1391 2694 basi
1420 2663 1506 2693 4—02
1535 2661 1643 2693 lineas

107 2722 277 2754 diametro
316 2723 509 2762 aequantes,
548 2718 683 2751 inferne
722 2720 976 2762 coalescentes,
1011 2730 1163 2761 superne
1190 2720 1290 2751 liberi
1318 2721 1353 2751 et
1381 2720 1561 2760 attenuati,
1590 2718 1644 2749 di-

107 2781 253 2822 stantes,
288 2779 371 2818 (nec
404 2780 441 2811 ut
473 2780 505 2810 in
539 2777 718 2819 prioribus
753 2777 941 2818 speciebus
967 2779 1056 2810 inter
1082 2787 1120 2809 se
1148 2778 1256 2809 deuse
1283 2778 1420 2817 stipati)
1449 2776 1518 2808 sere
1546 2776 1644 2808 diva-

107 2837 207 2870 ricati
235 2837 353 2877 rugosi
379 2839 415 2869 et
439 2835 637 2877 papilliseri.
686 2834 736 2867 De
763 2838 880 2867 cetero
907 2844 1011 2877 quam
1036 2835 1123 2868 Litb.
1151 2835 1335 2877 byssoides
1362 2835 1514 2866 crassior
1541 2835 1644 2874 atque

109 2892 250 2926 obesior
276 2896 311 2926 et
336 2896 497 2936 sequenti
530 2894 645 2927 forsan
675 2895 823 2927 maxime
850 2894 973 2926 affinis.

1455 2949 1512 2981 34*
