1895 3208
662 162 1039 208 Hffluxrnoctamzffi.
1524 172 1578 211 41
1594 171 1612 210 1

86 295 161 332 rica
192 304 305 331 muco
337 294 392 331 vix
424 294 676 333 solidescente
709 296 886 347 cohibita,
918 300 953 334 et
987 297 1148 336 invicem
1180 299 1259 337 lere
1291 299 1426 350 libera3
1446 300 1483 338 in
1503 302 1617 339 unico

85 373 225 410 genere
256 361 484 412 abbreviata,
515 365 660 402 cellulis
693 365 955 403 terminalibus
988 366 1406 416 rotundato-angulatis
1438 368 1473 405 in
1491 379 1619 406 men]-

84 429 236 467 branam
269 430 581 469 coalescentibus.

193 497 429 545 Cystocarpia
462 498 665 546 peculiaris
696 499 836 536 indolis
867 499 956 536 mibi
989 500 1257 549 adparuerunt.
1300 504 1462 542 Nucleus
1493 503 1617 552 spbae-

84 563 182 601 ricus
212 567 275 602 aut
306 565 614 614 hemisphaericus
645 569 744 605 nulla
779 567 972 604 communi
1004 569 1225 606 membrana
1259 570 1463 621 obtegitur,
1493 581 1619 620 quan-

81 632 288 682 doquidem
322 643 412 670 vero
445 634 585 671 libroso
616 635 796 684 adparatu
830 636 993 684 cinctus-3
1026 640 1173 673 constat
1204 637 1273 674 tilis
1306 648 1617 686 quoquoversum

82 700 315 738 radiantibus
355 701 586 739 tenuissimis
631 703 854 739 fascicttlatis
897 703 1272 750 ramoso-fastigiatis
1316 705 1618 753 articulatisque;

79 768 227 805 articuli
273 768 441 817 supremi
487 769 637 806 tilorum
684 769 942 807 terminalium
989 773 1025 805 ct
1065 781 1257 807 ramorum
1299 775 1457 819 anguste
1489 771 1618 809 clavati

79 834 234 871 demum
282 835 487 882 gemmidia
533 836 665 885 oralia,
709 836 854 883 singula
901 847 945 872 ex
989 835 1155 873 articulis
1186 837 1339 875 clastice
1372 839 1619 887 emergentia,

81 903 269 945 evolvunt.
339 903 615 951 Spbzcrosporae
659 903 694 939 in
738 903 850 939 unico
898 913 1040 949 genere
1073 904 1251 953 cognitam
1284 909 1371 942 sunt
1403 905 1438 941 iu
1472 906 1542 942 boc
1573 918 1617 942 ex

79 969 247 1007 articulis
291 969 443 1006 filorum
486 969 737 1017 peripliericis
784 971 1071 1021 transformatae,
1120 971 1288 1021 minutae,
1334 973 1541 1010 rotundatu·
1582 976 1619 1009 et

80 1037 266 1085 triangulo
310 1037 449 1085 divisae,
494 1036 710 1085 pei-isporio
756 1036 811 1073 vix
844 1037 1068 1089 conspicuo,
1100 1038 1225 1087 sporis
1255 1038 1414 1086 singulis
1444 1038 1616 1087 proemi-

79 1103 268 1141 uentibus.

190 1172 352 1221 Genera,
389 1181 472 1219 quat·
511 1171 582 1207 boc
621 1170 706 1207 loco
739 1171 934 1221 conjunxi,
965 1174 1150 1209 structura
1184 1174 1526 1224 Cystocarpiorum,
1556 1174 1617 1210 as-

78 1240 220 1277 tinitate
251 1237 381 1276 intima
415 1238 606 1275 conserere
638 1238 827 1288 videntur,
859 1243 895 1275 et
926 1251 943 1275 a
968 1240 1173 1286 generibus
1191 1241 1360 1287 analogis
1378 1242 1617 1279 diversorum

79 1308 272 1358 ordinum,
321 1318 406 1343 cum
452 1306 588 1354 quibus
620 1307 710 1344 olim
754 1306 970 1344 consociata
1004 1308 1168 1356 luerunt,
1200 1319 1262 1344 me
1290 1308 1433 1358 judice,
1467 1308 1616 1356 longius

80 1375 275 1412 recedunt.
348 1376 396 1410 lix
436 1376 621 1411 structura
653 1374 755 1412 strati
790 1373 1018 1422 peripbcrici
1053 1375 1179 1423 plures
1209 1375 1401 1413 sectiones
1434 1377 1617 1426 efficiunt,

78 1454 239 1492 quarum
285 1454 371 1491 una,
417 1441 541 1478 babitu
588 1441 766 1492 ducente,
814 1453 900 1479 cum
945 1442 1147 1490 speciebus
1193 1443 1347 1490 generis
1379 1444 1617 1494 Mesogloia‘,

78 1512 193 1547 altera
241 1520 325 1546 cum
372 1509 599 1556 llalymeniis
644 1510 825 1558 disposita
872 1510 952 1547 suit.
1026 1510 1155 1555 Quoad
1203 1514 1430 1548 structuram
1471 1510 1617 1548 frondis

79 1579 133 1615 liis
164 1588 318 1626 quoque
350 1577 520 1626 proxima
553 1577 636 1613 sine
669 1576 785 1614 dubio
817 1579 1009 1614 censeant.
1078 1578 1315 1626 Quicumque
1353 1589 1442 1616 vero
1474 1578 1617 1616 fructus

78 1648 304 1682 structuram
350 1643 646 1681 diversissimam
693 1645 943 1693 perspexerit,
989 1645 1146 1692 analoga
1191 1645 1310 1693 magis
1349 1657 1461 1694 quam
1492 1646 1616 1683 alania

79 1723 218 1761 genera
247 1711 407 1760 judicet,
438 1722 595 1748 necesse
628 1716 695 1749 est.
756 1714 829 1748 Hac
861 1715 1046 1749 structura
1079 1713 1217 1759 nuclei,
1245 1713 1388 1750 tructus
1406 1723 1490 1749 cum
1509 1713 1616 1750 Clue-

79 1779 205 1827 tangio
237 1781 275 1815 et
304 1782 455 1827 Hypnea
486 1778 604 1826 magis
636 1779 842 1816 convenire
873 1779 962 1816 milti
996 1779 1180 1817 videntur.
1226 1780 1292 1817 Diu
1310 1791 1463 1828 quoque
1480 1779 1617 1817 dubius

79 1848 165 1885 baesi
198 1858 244 1884 an
263 1846 630 1885 llelmintbocladeas
662 1858 747 1884 cum
780 1847 835 1883 bis
867 1847 903 1883 in
938 1847 1104 1884 eundem
1123 1847 1299 1884 ordinem
1319 1847 1616 1896 conjungerem3

81 1918 118 1953 et
148 1925 238 1952 sane
270 1914 525 1952 diversitatem
560 1915 702 1952 fructus
734 1915 861 1963 potius
893 1915 929 1951 in
963 1916 1084 1952 forma
1116 1915 1256 1964 nuclei,
1287 1926 1400 1963 quam
1433 1916 1470 1952 in
1502 1915 1616 1952 diffe-

78 1983 200 2021 sentia
217 1983 380 2031 quadam
410 1982 590 2030 penitiori
624 1983 784 2031 positam
817 1994 912 2031 esse,
944 1985 1130 2031 putarem.
1161 1985 1296 2021 Natura
1329 1986 1455 2019 autem
1475 1984 1616 2020 fructus

79 2051 215 2088 borum
261 2050 433 2087 omnium
473 2050 569 2088 baud
610 2051 708 2088 bene
748 2054 961 2100 perspecta,
992 2050 1164 2087 diversos
1197 2050 1352 2087 ordines
1385 2051 1616 2088 constitum-‹-

78 2119 207 2167 malui,
250 2130 364 2165 quam
405 2128 483 2155 non
528 2129 614 2156 vere
661 2118 784 2156 al'linia
830 2118 1077 2165 conjungere.
1151 2121 1243 2154 sunt
1276 2118 1400 2155 forsan
1434 2117 1498 2165 qui
1530 2128 1616 2154 cre-

79 2185 168 2223 dant
205 2184 571 2223 lleltnintbocladeas
611 2197 693 2223 esse
736 2197 822 2223 cum
862 2185 1230 2232 Batracltospermcis
1262 2185 1473 2222 accuratius
1505 2195 1616 2222 com-

79 2254 275 2302 parandas.
809 2292 812 2294 .

191 2322 240 2359 Ad
287 2322 427 2360 calcem
476 2321 620 2359 ordinis
666 2322 862 2369 Liagoreas
907 2320 1042 2369 adjeci,
1082 2322 1202 2357 t'ructu
1250 2323 1286 2356 et
1316 2319 1495 2357 allinitate
1526 2319 1615 2355 mibi

79 2390 342 2438 maximopere
388 2389 534 2439 dubias,
579 2389 659 2440 sed,
707 2400 768 2426 me
809 2387 952 2438 judice,
999 2389 1103 2424 nullo
1137 2388 1222 2425 loco
1255 2386 1470 2434 systematis
1502 2385 1616 2422 bodio

78 2456 216 2493 melius
248 2456 518 2504 disponendas.

194 2522 498 2561 Gemmidioruul
537 2523 795 2560 evolutionem
828 2522 865 2559 in
899 2521 1121 2559 lNemalione
1160 2521 1347 2558 multifido
1386 2519 1493 2568 sequi
1526 2519 1615 2556 milii

80 2590 195 2628 licuit.
229 2590 301 2627 Fila
336 2590 562 2639 fasciculata,
594 2600 676 2637 quae
708 2590 885 2625 nucleum
919 2589 954 2625 in
981 2587 1202 2626 Nemalione
1221 2586 1615 2637 el'liciunt,suntbrc-

82 2659 182 2696 riora
216 2662 253 2695 et
284 2657 369 2694 binc
400 2657 518 2705 magis
535 2656 667 2705 stipata
700 2667 810 2704 quam
831 2656 867 2693 iu
893 2655 1044 2703 vicini53
1064 2655 1241 2691 nucleum
1262 2655 1455 2703 ipsum—a
1473 2653 1501 2691 si
1528 2654 1617 2691 licet

81 2738 190 2775 parva
223 2736 460 2775 componere
491 2724 637 2771 magnis
668 2744 721 2750 ———
752 2734 836 2759 cum
869 2721 1034 2771 capitulo
1067 2722 1267 2770 licbinopis
1297 2722 1423 2770 quoad
1452 2720 1615 2771 partium

81 2793 375 2842 dispositionem
406 2802 680 2841 compararem.
728 2794 773 2827 lix
808 2790 1018 2827 innumeris
1048 2789 1231 2840 apicibus,
1262 2790 1325 2838 qui
1359 2788 1614 2838 periplieriam

82 2860 326 2897 circumcirca
373 2860 629 2910 proeminent,
674 2858 842 2905 singulos
889 2857 1028 2894 sensim
1076 2857 1321 2905 prolongatos
1367 2856 1452 2906 vidi,
1491 2856 1616 2893 donec

83 2928 163 2965 lere
196 2928 356 2966 sormam
389 2927 524 2976 calycis
555 2925 786 2977 Cat-yopbylli
819 2924 1014 2962 aromatici
1048 2924 1249 2973 attigerint.
1317 2923 1533 2963 lllembrana
1566 2922 1614 2961 tili
