1895 3208
262 148 321 188 59
330 149 355 189 2
828 141 1212 184 SPHAEROCOCCOlDEAE.
1538 138 1795 184 Gracilaria.

260 286 351 311 nunc
387 278 450 319 ipsi
486 278 684 308 extrorsum
717 274 848 307 aculeis<
881 274 998 307 obsiti.
1049 273 1211 308 Coccidia
1239 273 1282 306 ad
1311 281 1425 307 ramos
1452 274 1606 316 sessum,
1635 274 1794 317 sphaero-

259 345 373 378 sporae
400 338 539 377 generis
565 337 599 368 in
627 336 769 368 ramulis
798 322 1025 368 nidnlantess

352 396 415 427 Pro
449 394 558 428 forma
591 394 739 437 quadani
775 393 831 427 Gr.
867 394 1117 427 Confervoides
1143 393 1220 427 haec
1247 395 1379 436 sirpius
1406 397 1519 428 sumta
1546 397 1581 427 et
1607 394 1793 437 aliquando

259 452 301 484 ab
328 454 383 485 illa
417 462 484 486 non
520 453 621 486 facile
653 452 919 494 distinguenda,
953 452 1042 485 bene
1076 454 1193 485 autem
1221 452 1359 485 evoluta
1387 457 1440 485 est
1466 454 1718 486 diversissima.
1769 455 1795 483 A

257 510 477 553 Montagneo,
511 511 702 544 Martensio
730 513 765 543 et
796 511 980 552 liutzingio
1007 512 1148 543 nomine
1175 510 1258 553 Sph.
1286 510 1362 543 duri
1390 511 1581 555 divulgata,
1608 520 1688 545 cum
1714 519 1793 544 vera

258 568 359 609 liujus
387 569 538 602 nominis
564 568 683 611 planta
711 569 766 600 vix
795 568 1045 611 comparanda.

258 670 292 710 7.
325 674 385 710 Ga.
418 682 529 710 Fssaox
563 673 616 718 (J.
660 674 725 721 Ay.
768 676 906 720 mser.)
949 674 1084 711 l'ronde
1124 686 1167 712 ex
1209 675 1316 712 tereti
1357 687 1574 725 compressa
1606 684 1793 713 succoso-

367 741 608 788 cartilaginea
640 741 870 779 subdisticlie
901 742 1315 792 dieliotomo-ramosa,
1339 742 1793 780 ramisarcuatisintror-

366 820 448 846 sum
481 809 715 846 uudiusculis
740 809 847 858 apice
879 813 917 845 et
947 813 1161 846 extrorsum
1192 809 1311 846 dense
1344 810 1550 847 lateraliter
1581 809 1794 857 ramulosis,

367 877 520 914 ramulis
564 877 1043 927 decomposiici-spinosis,
1087 876 1256 926 apicibus
1301 878 1541 926 ramellisque
1580 877 1792 915 lateralibus

365 958 383 982 a
417 944 493 981 basi
540 944 726 982 crassiore
767 944 892 982 subito
937 945 1069 996 acutis,
1112 945 1292 982 coccidiis
1336 945 1381 983 ad
1430 957 1554 984 ramos
1599 945 1792 983 sessilibus

366 1012 671 1060 liemispliaerieis.

366 1090 452 1128 llab.
489 1090 533 1128 ad
573 1103 658 1128 oras
688 1092 866 1129 Aiuericae
898 1091 1089 1129 calidioris
1121 1095 1159 1129 ut
1190 1092 1234 1129 ad
1267 1091 1491 1140 Martinique
1524 1094 1791 1142 (anerreyl)‚

254 1159 298 1196 ad
346 1159 455 1196 lnsul.
503 1161 550 1195 St.
597 1158 724 1196 Crucis
770 1159 910 1207 (Rasnl
957 1158 1020 1196 ΙΙΙ).
1055 1158 1241 1197 lloffinan!
1286 1158 1498 1209 Oerstedl),
1529 1159 1573 1196 ad
1607 1161 1790 1197 Pernam-

255 1226 396 1263 bucco!

346 1301 454 1336 Frons
480 1302 784 1345 2-—3-pollicaris,
812 1302 1033 1344 cyliudracea
1060 1305 1095 1335 at
1122 1304 1225 1336 ramis
1250 1303 1409 1344 plurimis
1435 1303 1664 1337 subdistichis
1692 1305 1789 1346 quasi

253 1370 471 1405 compressa,
499 1362 750 1403 ramosissima,
778 1362 1031 1393 ramiticatiouc
1058 1362 1149 1393 inter
1176 1361 1387 1393 ramulos-am
1415 1363 1449 1393 et
1475 1361 1709 1394 dichotomam
1736 1363 1791 1394 in-

254 1421 434 1454 termedia.
490 1420 586 1452 Rami
620 1421 775 1461 primarii
812 1419 882 1451 l'ere
919 1419 1110 1451 dichotomi
1139 1421 1301 1460 patentes
1328 1420 1473 1462 arcuati,
1500 1420 1575 1452 basi
1601 1421 1791 1452 introrsum

253 1478 684 1522 nudiusculi,[extrorsum
719 1480 754 1510 et
785 1479 884 1520 apice
911 1478 1101 1510 lateraliter
1128 1478 1305 1521 ramulosi,
1332 1486 1484 1519 superne
1511 1477 1790 1519 subeor-ymbosi.

252 1538 384 1571 Ramuli
413 1547 430 1570 a
460 1538 565 1570 ramis
592 1536 924 1569 sublici-izontaliter
951 1539 1132 1579 exeuntes,
1160 1538 1312 1569 minores
1341 1539 1375 1568 at
1396 1538 1564 1569 caeteruui
1580 1535 1791 1578 conformes,

253 1597 406 1629 ramellis
437 1597 593 1639 minutis,
626 1596 752 1628 lineam
786 1596 928 1628 circiter
961 1595 1073 1635 longis
1098 1595 1176 1636 plus
1203 1596 1318 1628 minus
1348 1595 1455 1627 dense
1483 1595 1644 1628 aculeati.
1670 1595 1790 1627 Aculei

254 1664 271 1688 a
298 1654 373 1687 basi
402 1655 577 1688 crassiore
604 1655 813 1695 acutissimi,
840 1656 1023 1695 aspectum
1051 1656 1106 1686 sat
1133 1653 1310 1686 horridum
1336 1654 1466 1695 plantae
1493 1653 1661 1687 tribuunt.
1700 1654 1791 1686 Coc-

254 1714 344 1747 cidia
384 1714 555 1746 diametro
596 1712 666 1745 sere
708 1721 895 1754 ramorum,
934 1712 977 1745 ad
1004 1721 1119 1745 ramos
1146 1712 1296 1744 sessilia.
1346 1711 1612 1754 Sphaerosporze
1639 1712 1789 1753 generis.

253 1772 456 1813 Substantia
474 1771 681 1804 madefactis
697 1779 1034 1814 succoso-carnosa,
1050 1771 1240 1803 exsiccatae
1257 1770 1494 1814 cartilaginea,
1511 1770 1651 1804 deinum
1664 1770 1791 1803 Liche-

253 1831 389 1864 noidea.
439 1830 541 1863 Color
567 1839 729 1863 carneus.

347 1889 429 1922 Hzec
457 1890 607 1931 species,
635 1898 714 1930 quaer
741 1888 909 1920 affinitate
937 1888 993 1920 Gr.
1020 1890 1163 1921 armatae
1198 1891 1256 1921 aut
1293 1889 1349 1921 Gr.
1390 1896 1605 1928 compressae
1631 1887 1789 1929 proxima

252 1947 400 1990 videtur,
429 1948 544 1990 quoad
572 1947 729 1980 habitum
755 1949 789 1979 et
815 1946 1039 1979 characteres
1066 1947 1109 1979 ad
1136 1946 1192 1979 Gr.
1220 1947 1461 1979 cervicornem
1488 1954 1555 1978 non
1572 1954 1695 1987 parum
1711 1947 1789 1977 ten—

255 2006 315 2039 dit.
365 2006 421 2039 Gr.
456 2006 671 2038 cervicornis
712 2008 766 2038 est
803 2014 923 2037 revera
964 2005 1067 2046 plana
1106 2007 1140 2038 et
1172 2006 1328 2048 pinnata,
1355 2005 1438 2037 licet
1463 2004 1650 2046 aliquando
1677 2013 1790 2044 angu-

256 2066 410 2098 stissima
436 2068 471 2098 et
496 2065 689 2097 incrassata
717 2063 789 2096 sere
816 2064 1044 2096 teretiuscula
1072 2063 1251 2105 adpareat.
1301 2063 1358 2096 Gr.
1385 2062 1483 2095 ferox
1511 2062 1788 2095 habetlrondem

256 2126 406 2156 teretem
443 2125 478 2156 et
516 2123 737 2166 ramulosam,
766 2123 848 2155 licet
874 2131 1050 2156 ramorum
1078 2123 1311 2164 dispositione
1338 2120 1558 2155 subdisticha
1585 2129 1787 2164 compressa

255 2183 425 2215 videatur.

896 2249 914 2269 0

255 2278 291 2316 8.
324 2280 384 2315 Gn.
416 2286 696 2315 CORONOPlFOlAA
730 2275 784 2322 (J.
827 2278 893 2324 Ay.
938 2280 1076 2322 mser.)
1111 2276 1247 2314 l'roude
1280 2275 1387 2313 tereti
1419 2276 1635 2313 succulenta
1668 2275 1788 2312 coll'a-

365 2344 478 2383 bente
531 2345 771 2393 cartilaginea
826 2343 994 2393 undique
1048 2355 1215 2392 ramosa,
1268 2344 1381 2380 ramis
1434 2342 1680 2381 inferioribus
1724 2343 1787 2380 (li-

366 2413 640 2463 polycbotomis
684 2412 957 2461 ‹lecomposilis
1002 2411 1245 2461 llnrsoideis,
1286 2410 1549 2460 superioribus
1591 2410 1788 2459 elongatis,

365 2479 535 2529 apicibus
573 2481 805 2529 ramulisque
844 2478 1060 2517 lateralibus
1099 2478 1392 2516 ‹leutisorinibus
1429 2491 1447 2515 a
1493 2478 1569 2515 basi
1601 2478 1786 2516 crassiore

364 2547 489 2585 subito
521 2548 744 2586 acuminatis
774 2547 998 2596 divaricatis,
1030 2546 1209 2583 coccidiis
1239 2546 1283 2583 ad
1317 2557 1442 2584 ramos
1473 2545 1677 2583 sessilibus.

367 2626 452 2665 llab.
486 2626 529 2664 ad
562 2628 731 2665 Woalioo
765 2627 973 2663 lusularuiu
1005 2624 1330 2662 Sauduiceusiuui
1363 2625 1450 2672 (ΙΙΙ).
1483 2623 1668 2670 Biuderl).

347 2702 517 2745 Caespites
556 2704 691 2744 globosi
731 2703 950 2746 densissimi,
990 2701 1301 2742 li—ss-pollicares,
1362 2700 1469 2733 Frons
1507 2702 1599 2733 teres
1638 2698 1784 2739 videtur,

255 2763 300 2803 at,
337 2760 532 2794 substantia
559 2762 776 2804 succulenta,
809 2762 1048 2794 exsiccatione
1087 2759 1272 2792 collabitur
1311 2760 1346 2791 et
1384 2766 1588 2800 compressa
1627 2759 1783 2797 apparet.

254 2820 348 2851 flami
385 2819 856 2862 (lichotomo-decoinpositi,
890 2818 1072 2851 inferiores
1106 2826 1203 2859 swpe
1235 2816 1434 2850 trichotorni
1470 2817 1529 2848 aut
1554 2815 1657 2846 immo
1683 2814 1785 2855 poly-

256 2876 420 2918 cliotoini,
446 2878 649 2919 superiores
677 2878 710 2909 in
737 2885 832 2909 raino
860 2876 1043 2918 principali
1071 2876 1217 2915 longiori
1244 2874 1474 2908 sublaterales
1500 2872 1611 2915 densi,
1629 2871 1784 2913 thyrsum

256 2937 394 2967 ovatum
421 2937 481 2967 aut
506 2935 730 2968 rotundatum
758 2934 958 2968 formantes.
993 2933 1126 2966 Ramuli
1154 2933 1353 2966 terminales
1377 2931 1567 2972 ramuliquc
1583 2931 1783 2973 superiores
