1895 3208
263 205 289 245 3
302 204 355 244 '40
936 193 1153 236 SermEAE.
1587 191 1802 250 Spyridm,

259 336 383 373 fructu
416 330 602 380 capsulari
636 326 976 366 distinctissimum.
1036 326 1247 364 Gemmidia
1279 326 1424 375 singula
1457 327 1614 375 singulis
1644 327 1801 366 sacculis

258 404 421 449 inclusa3
464 398 627 447 plurima
659 407 748 434 vero
782 395 819 432 in
852 395 1032 432 nucleum
1066 397 1283 445 aggregata3
1317 397 1354 432 et
1384 394 1509 433 nuclei
1542 395 1672 444 plures
1702 395 1800 432 circa

258 469 472 516 placentam
503 464 678 514 dispositi
711 467 748 502 et
778 463 996 513 pericarpio
1028 463 1129 501 tecti.

369 534 522 583 Species
567 533 678 580 hujus
724 531 876 580 generis
921 530 1081 568 ulterius
1128 529 1408 581 investigandae,
1451 532 1578 567 utrum
1618 529 1800 567 distinctae

259 602 541 650 conjungantur
580 613 627 638 an
669 602 803 639 barum
846 600 975 648 plures
1006 598 1296 646 distinguantur.
1364 602 1389 636 Λ
1421 598 1618 646 Klitzingio
1652 597 1802 646 species

257 671 429 721 plurimae
461 670 682 720 propositae,
714 667 996 706 characteribus
1027 679 1045 704 a
1078 666 1317 714 longitudine
1349 666 1609 715 articulorum,
1638 665 1801 702 ramellis

257 737 502 776 densioribus
534 741 598 776 aut
627 736 882 786 sparsioribus
913 738 983 772 ete.
1014 734 1254 784 potissimum
1286 734 1426 784 petitis,
1458 745 1519 771 me
1545 733 1675 781 judice
1704 732 1800 771 baud

259 805 530 844 constantibus.
605 807 846 853 Unaquaeque
891 802 1041 852 species
1086 802 1251 840 ramellis
1281 801 1454 851 plurimis
1485 804 1548 839 aut
1578 802 1659 838 sere
1691 800 1802 838 nullis

259 873 437 923 obvenit3
484 873 645 923 articuli,
690 884 761 921 pro
807 871 1046 920 longitudine
1078 871 1328 909 ramellorum
1367 880 1583 917 eorumque
1616 868 1801 906 tenuitate

258 945 322 979 aut
367 941 552 989 crassitie,
596 939 836 989 longitudine
884 939 1038 976 variant.
1099 938 1231 988 Apices
1274 938 1465 986 juveniles
1504 937 1616 987 acuti,
1648 936 1802 974 demum

261 1008 491 1050 obtusiores.

370 1081 409 1115 ln
442 1077 601 1117 diversis
648 1076 850 1126 speciebus
890 1075 1137 1113 ramellorum
1174 1074 1347 1122 genicula
1389 1077 1453 1111 aut
1494 1073 1654 1112 omnino
1687 1083 1804 1110 ecor-

257 1146 367 1183 ticata
413 1145 480 1183 sed
526 1146 680 1182 demum
727 1145 832 1192 quasi
880 1144 1044 1194 lasciata,
1091 1145 1154 1180 aut
1199 1145 1316 1180 strato
1364 1141 1533 1179 corticali
1576 1140 1801 1180 evidentiori

259 1213 434 1251 obducta.
509 1215 549 1250 In
595 1213 668 1249 illis
715 1212 988 1260 splioerosporae
1036 1211 1257 1249 evolutione
1290 1211 1434 1247 cellulae
1466 1209 1669 1259 peculiaris
1697 1208 1802 1255 juxta

259 1281 478 1329 geniculum
510 1281 680 1317 formatae
711 1279 803 1316 mibi
835 1279 1113 1328 adparuerunt3
1147 1278 1183 1316 in
1215 1278 1271 1315 his
1302 1275 1802 1326 spbacrosporasmorpliosi

258 1350 482 1387 cellularum
527 1347 766 1385 corticalium
812 1349 914 1383 ortas
959 1345 1203 1383 crediderim.
1277 1346 1339 1382 llis
1384 1344 1521 1381 ductus
1566 1343 1802 1394 differentiis,

258 1428 401 1465 genera
441 1416 517 1453 duo
560 1415 739 1464 Spyridiac
772 1418 810 1451 et
842 1413 1010 1451 ltinderae
1043 1413 1133 1451 olim
1166 1412 1340 1464 formavi,
1371 1423 1454 1461 quae
1487 1413 1629 1459 (fructu
1661 1422 1802 1460 capsu-

256 1486 327 1524 lari
359 1485 530 1523 Binderac
563 1483 716 1532 ignoto)
750 1482 965 1530 subgenera
997 1481 1125 1531 potius
1157 1481 1271 1519 hodie
1303 1480 1490 1518 existimo.
1536 1479 1612 1517 Alia
1644 1479 1803 1527 insuper

258 1554 366 1591 adest
395 1552 612 1590 differentia
643 1551 772 1599 caulis,
792 1551 855 1599 qui
875 1550 913 1587 in
931 1550 1127 1588 nonnullis
1146 1549 1345 1587 tubulosus
1362 1551 1399 1586 et
1415 1548 1646 1598 articulatus,
1664 1547 1702 1584 in
1720 1546 1801 1584 aliis

258 1621 507 1660 solidescens.
567 1620 640 1658 Sed
673 1620 750 1657 baec
780 1619 996 1657 differentia
1029 1619 1065 1656 in
1098 1619 1290 1656 sectiones
1322 1618 1472 1668 priores
1502 1615 1600 1655 haud
1631 1614 1799 1664 quadrat.

311 1770 336 1806 Ι.
369 1772 548 1817 Sl’YRlDbl,
577 1765 791 1817 frondium
821 1763 1009 1804 femellis
1043 1764 1300 1815 ecorlz'catis,
1333 1763 1493 1804 demum
1522 1762 1750 1815 fasciatis;

373 1833 587 1887 fertilibus
618 1835 799 1885 sparsis,
831 1832 1151 1883 splaoerosporas
1184 1832 1239 1872 ιιι]
1265 1832 1459 1883 qenicula
1489 1830 1681 1883 stimulas

755 1904 829 1942 (ιιιί
852 1911 1020 1951 paucas
1049 1900 1303 1950 amentibus,

642 1980 671 2019 l.
704 1980 837 2020 Frons
869 1988 1203 2030 quoquoversum
1235 1989 1421 2019 ramosa.

260 2084 291 2123 4.
323 2087 378 2123 Sr.
410 2091 649 2122 ruauaxrosa
683 2081 824 2131 [Wulf.
857 2081 989 2131 Crypc.
1022 2092 1112 2131 aqu.
1140 2093 1179 2130 p.
1212 2082 1284 2128 64)
1327 2081 1465 2119 fronde
1496 2080 1664 2118 filisormi
1696 2092 1798 2129 quo-

366 2161 599 2200 quoversum
629 2161 721 2198 vage
753 2161 914 2199 ramosa,
948 2150 1061 2188 ramis
1080 2150 1345 2187 conformibus
1363 2149 1554 2186 corticatis
1572 2149 1799 2199 ramellosis,

367 2220 532 2258 ramellis
556 2218 811 2267 pililormibus
842 2218 981 2268 sparsis
1012 2217 1218 2256 articulatis
1250 2217 1480 2269 ecorticatis‚
1511 2215 1671 2266 simplici
1703 2226 1798 2253 acu-

365 2287 470 2325 mine
502 2287 728 2326 terminatis.

347 2366 461 2399 Fucus
488 2365 729 2399 filamentosus
764 2360 865 2405 ll'ull'.
893 2362 913 2395 l.
940 2372 969 2396 c.

350 2425 546 2456 (leramium
573 2424 834 2456 filamcntosum
861 2421 919 2466 Aq.
946 2431 997 2465 sp.
1024 2421 1072 2455 II.
1094 2431 1131 2465 p.
1162 2420 1241 2454 llil!

350 2482 511 2524 Spyridia
545 2482 765 2514 {ilamentosa
799 2480 906 2514 Ilarv.
940 2481 976 2514 in
1014 2479 1076 2513 ΒΓ.
1115 2479 1163 2513 Fl.
1197 2490 1233 2522 p.
1269 2480 1352 2512 336!
1378 2477 1475 2511 Man.
1499 2488 1532 2521 p.
1562 2478 1641 2512 loll
1667 2475 1794 2510 Journ.

254 2538 330 2574 Boc.
359 2540 427 2573 III.
450 2551 485 2584 p.
513 2540 591 2574 449.
631 2539 734 2583 I'liyc.
764 2537 825 2573 ΒΓ.
855 2538 923 2573 lab.
951 2539 1010 2572 46!
1048 2537 1080 2571 J.
1107 2537 1167 2581 Ay.
1193 2538 1264 2581 Αἶα,
1297 2537 1386 2571 med.
1408 2547 1444 2581 p.
1471 2537 1531 2569 79!
1571 2534 1680 2569 Monl.
1708 2535 1793 2567 Can.

264 2610 283 2632 ι.
317 2600 393 2632 474.

248 2610 264 2642 7
348 2658 428 2691 lixs.
474 2655 587 2701 Wyacc
623 2657 752 2693 Danm.
791 2667 826 2692 n,
866 2659 921 2691 88.
959 2656 1090 2691 Claazw.
1127 2655 1250 2690 Norm.
1288 2665 1323 2690 n.
1359 2655 1440 2689 4611
1467 2651 1586 2687 Deam.
1614 2650 1732 2694 crypt.
1756 2660 1791 2694 p.

258 2716 344 2749 4004
371 2718 404 2750 ct
432 2719 530 2751 4005.

366 2788 474 2833 liujus
507 2790 638 2826 l'ormre
670 2788 901 2838 principales
932 2791 1035 2825 sunt:

256 2866 294 2889 α.
330 2853 603 2893 Filamcnlosa
635 2856 773 2904 pallide
806 2867 930 2905 rosea,
963 2855 1078 2892 ramis
1111 2851 1296 2900 elongatis
1327 2848 1477 2900 parcius
1517 2847 1690 2897 ramosis,
1729 2859 1792 2884 ra-

364 2921 487 2959 mellis
517 2924 703 2971 elongatis
736 2923 990 2973 lililormibus7
1022 2921 1189 2960 articulis
1221 2919 1468 2958 ramellorum
1499 2915 1688 2953 diametro
1717 2912 1792 2967 4-6

364 2989 427 3036 plo
459 2989 707 3038 longioribus.
