1895 3208
284 160 378 201 538
691 156 929 197 canutum
949 150 1126 211 (Auaron.
1149 152 1394 209 ARESGHJ.
1580 147 1823 208 Amphiroa.

377 288 523 330 Species
562 286 672 319 forma
705 286 934 319 articulorum
968 285 1011 318 ab
1045 285 1208 318 omuibus
1235 285 1338 327 liujus
1365 285 1505 326 generis
1532 285 1618 318 satis
1647 284 1823 316 distincta.

283 347 331 379 lta
357 346 427 378 Cel.
454 345 589 377 Sondcr
616 346 650 376 in
679 343 792 377 Flam.
820 343 952 378 Preiss.
979 346 1012 376 2.
1034 354 1069 388 p.
1100 345 1176 377 488.

378 403 590 445 Specimina,
616 412 695 444 quae
723 402 804 444 vidi,
832 403 931 434 valde
969 403 1193 445 incompleta,
1227 404 1265 435 ut
1302 411 1417 444 neque
1444 402 1684 434 characterem
1714 407 1826 441 neque

284 462 559 502 descriptionem
593 461 677 493 dare
711 462 892 502 possimus
925 461 1004 502 ipsi.
1062 460 1230 493 Genicula
1259 461 1361 493 nullis
1388 460 1554 503 granuliS,
1583 462 1620 492 ut
1645 460 1678 491 in
1706 458 1826 500 priori,

284 519 465 561 adspersa,
500 518 591 551 unde
629 528 709 551 cum
747 527 787 550 ca
814 527 1037 561 nequaquam
1071 518 1238 551 confundi
1264 519 1389 561 possit.
1440 520 1477 550 Α.
1505 519 1648 559 ancipiti
1676 517 1742 548 hoe
1770 525 1828 548 re-

284 578 409 618 spectu
438 577 597 619 similior,
625 576 742 609 differt
768 576 926 608 articulis
953 575 1078 608 mediis
1106 594 1149 599 —
1177 585 1265 618 quos
1282 576 1376 608 solos
1392 575 1687 608 vidimus——sere
1704 577 1828 607 exacte

285 636 445 669 obovatis
479 637 626 677 utraque
659 635 883 667 extremitate
910 634 1108 667 rotundatis
1136 635 1328 677 magisque,
1356 644 1459 676 quam
1488 636 1521 667 in
1550 634 1618 677 illa,
1644 641 1829 675 compres-

284 697 346 737 sis,
378 696 400 727 i.
439 704 468 726 e.
508 694 741 734 complanatis
776 694 796 725 l.
831 694 945 735 planis
973 693 1088 725 medio
1115 695 1250 726 tautum
1277 693 1579 733 longitudinaliter
1605 692 1833 725 subcostato-

286 754 442 786 elevatis.

291 869 348 907 44.
380 873 415 907 Α.
446 878 688 908 TUBERCULOSA
733 870 858 914 (Post.
897 873 935 906 ec
974 869 1094 917 Rupr.
1134 868 1287 907 Illustr.
1321 867 1453 916 Alqar.
1483 879 1519 916 p.
1553 867 1602 904 20
1636 870 1662 904 t.
1696 865 1774 902 XL.
1805 863 1833 913 f.

403 937 499 981 400)
542 937 680 974 fronde
721 937 792 974 ima
825 936 903 974 basi
936 937 1117 974 snbtereti
1152 948 1321 985 superne
1353 947 1570 984 compressa
1604 934 1837 982 dichotoma,

398 1004 565 1041 articulis
607 1004 836 1041 diametrum
879 1003 1186 1052 subsequentibus
1219 1005 1238 1042 l.
1271 1002 1658 1052 sesquilongioribns,
1699 1001 1837 1038 infimis

400 1071 672 1121 subteretibus,
717 1071 854 1108 mediis
899 1071 1062 1108 dilatatis
1094 1070 1542 1119 cuneato-subcordatis,
1572 1066 1837 1118 superioribus

398 1137 660 1186 irregulariter
712 1137 1173 1175 cuneate-subrliombeis
1225 1139 1247 1175 l.
1293 1137 1594 1187 sublinearibus,
1653 1135 1838 1183 geniculis

399 1205 713 1255 lineaesormibus,
745 1203 964 1242 kerainidiis
997 1205 1253 1253 paucioribus.

383 1283 556 1315 Corallina
583 1280 811 1314 tuberculosa
837 1280 932 1314 Post.
959 1283 992 1314 et
1017 1280 1127 1325 Rupr.
1155 1281 1176 1315 ί.
1203 1291 1233 1315 c.

402 1353 490 1390 Hah.
535 1353 579 1390 ad
622 1363 728 1390 oram
767 1353 899 1390 insulae
931 1353 1062 1390 Sitclize
1095 1352 1226 1400 (tlerb.
1258 1353 1366 1392 Aead.
1399 1353 1595 1391 Scientiar.
1629 1351 1839 1400 Petropol.)

383 1430 444 1463 Cui
479 1439 522 1463 ex
557 1431 747 1473 descriptis
782 1439 862 1462 vere
898 1429 1012 1462 astinis
1045 1430 1102 1472 sit,
1130 1430 1249 1462 dicere
1274 1438 1344 1463 non
1372 1430 1554 1463 audemus.
1603 1429 1729 1462 Nostra
1755 1436 1840 1470 spe-

289 1489 417 1520 cimina
453 1488 679 1531 incompleta,
717 1488 778 1521 sed
812 1488 910 1520 frons
945 1488 1237 1530 2—3-p011iearis
1273 1488 1421 1531 videtur,
1448 1488 1564 1521 forsan
1593 1496 1734 1529 semper
1761 1488 1839 1528 plus

290 1548 406 1578 minus
432 1547 671 1586 irregulariter
698 1546 911 1579 dichotoma.
962 1547 1106 1578 Articuli
1135 1547 1336 1588 smpissime
1364 1547 1534 1580 diametro
1562 1548 1618 1579 vix
1641 1546 1840 1588 plusquam

290 1605 604 1648 sesquilongiores,
647 1607 681 1637 at
719 1613 815 1646 saepe
856 1604 948 1636 idem
988 1605 1206 1644 longitudine
1243 1607 1438 1648 aequantes,
1478 1604 1663 1637 inferiores
1698 1606 1840 1643 teretes,

291 1662 396 1695 medii
423 1663 699 1704 superioresque
727 1664 838 1702 magis
873 1663 1056 1705 magisque
1089 1663 1297 1705 plerumque
1324 1664 1533 1706 compressi,
1560 1663 1651 1695 linea
1677 1664 1734 1695 vix
1762 1662 1842 1694 lon-

291 1721 407 1760 giores
436 1720 456 1753 l.
490 1720 645 1763 latiores,
689 1722 844 1762 supremi
883 1728 977 1752 nunc
1010 1721 1110 1753 valde
1149 1722 1360 1763 compressi,
1395 1730 1487 1754 nunc
1522 1722 1663 1753 omnino
1696 1722 1842 1753 teretes.

290 1777 491 1811 Keramidia
517 1779 551 1810 in
579 1786 792 1820 unoquoque
821 1779 969 1810 articulo
998 1779 1101 1811 modo
1129 1782 1306 1823 quattuor,
1333 1779 1437 1812 modo
1464 1780 1575 1821 plura.
1611 1776 1737 1812 ”Color
1762 1788 1842 1811 sor-

293 1837 374 1870 dide
401 1837 589 1870 albescens
615 1836 636 1867 l.
666 1834 1004 1869 roseo—violaceus.’‘
1069 1836 1189 1879 (Herb.
1224 1838 1332 1871 Acad.
1360 1837 1545 1872 Scientiar.
1572 1837 1842 1880 Petropolitan.)

297 1952 356 1990 45.
390 1956 426 1991 Α.
458 1962 656 1990 munimus
697 1953 837 1997 (Harv.
878 1953 972 1991 Ner.
1011 1958 1140 1990 (lustr.
1178 1965 1218 2002 p.
1263 1954 1333 2002 98)
1376 1954 1514 1991 fronde
1555 1954 1690 2003 pusilla
1729 1965 1841 1992 com-

403 2032 532 2069 pressa
585 2019 801 2057 dieliotonia
851 2021 872 2057 l.
919 2021 1111 2069 palmatini
1159 2032 1305 2058 ramosa
1358 2033 1491 2070 parum
1537 2021 1674 2072 divisa,
1728 2022 1843 2058 ramis

404 2087 641 2136 simplicibus
687 2088 840 2124 turcatis
886 2089 906 2125 l.
953 2088 1060 2136 apice
1106 2100 1205 2137 saepe
1250 2089 1443 2139 palmatis,
1488 2089 1655 2126 articulis
1700 2088 1842 2126 basila-

406 2154 510 2192 ribus
555 2154 904 2204 lineari-cuneatis,
949 2155 1198 2193 inferioribus
1241 2159 1399 2203 anguste
1438 2156 1609 2193 cuneatis
1640 2154 1747 2204 apice
1779 2155 1842 2191 di-

406 2221 526 2258 latatis
573 2221 836 2271 biauritisque,
876 2222 1013 2258 mediis
1053 2222 1240 2259 similibus
1280 2223 1538 2273 longioribus,
1579 2222 1842 2271 superioribus

404 2289 777 2337 plano-compressis
824 2290 1094 2327 lato-cuneatis
1141 2290 1405 2340 palmatisque,
1448 2289 1711 2328 terminalibus
1745 2290 1841 2337 (po-

404 2355 633 2403 lymorpliis)
682 2355 889 2393 linearibus
935 2357 956 2394 Ι.
1002 2349 1179 2394 cuneatis'
1214 2357 1296 2394 latis
1340 2358 1360 2394 Ι.
1393 2357 1580 2406 angustis,
1622 2356 1842 2395 keramitliis

408 2421 557 2470 ignotis.

409 2500 496 2538 llab.
530 2500 575 2537 ad
608 2504 694 2550 Cap.
730 2501 813 2538 Frio
846 2503 970 2547 (llarv.
1004 2502 1024 2539 1.
1059 2504 1114 2547 c.)

390 2576 517 2609 Pusilla
555 2578 696 2618 species
734 2578 797 2610 scd
834 2579 994 2621 insignis,
1034 2578 1144 2610 forma
1181 2578 1409 2611 articulorum
1437 2579 1563 2611 eximie
1590 2577 1778 2620 variabilis,
1807 2580 1842 2609 et

297 2635 387 2667 inter
411 2635 680 2668 Artlirocardias
711 2637 768 2672 (Α.
795 2636 1040 2678 corymbosam
1068 2636 1278 2678 affinesque)
1303 2639 1338 2669 et.
1364 2636 1502 2678 Eurytia
1530 2636 1671 2677 (Amph.
1698 2636 1842 2667 Bower-

298 2692 414 2724 liaukii
442 2692 655 2735 affinesque)
684 2694 903 2736 intermedia,
940 2695 1098 2726 articulis
1132 2695 1307 2726 nonnullis
1339 2694 1464 2735 longis,
1492 2694 1605 2735 planis
1632 2695 1667 2724 et
1690 2693 1841 2734 iiiaequi-

298 2750 427 2793 lateris,
468 2751 543 2782 aliis
583 2752 684 2792 apice
726 2751 929 2784 auriculatis
968 2752 990 2784 l.
1017 2752 1203 2794 sagittatis,
1230 2751 1331 2783 basin
1359 2760 1482 2784 versus
1509 2751 1612 2790 longe
1638 2751 1841 2782 attenuatis.

298 2807 398 2840 Color
438 2809 471 2839 in
511 2809 566 2849 iis,
606 2818 684 2850 quze
724 2809 803 2851 vidi,
844 2808 1098 2850 speciminibus
1139 2810 1171 2841 in
1201 2808 1443 2841 viridi-allium
1472 2815 1618 2848 vergens
1646 2806 1841 2849 (Descript.

299 2864 399 2897 llarv.
427 2867 614 2906 exscript.)

392 2922 477 2954 (lum
505 2924 727 2957 antecedenti
754 2926 924 2958 incertam
951 2927 1097 2966 propter
1125 2925 1329 2958 affinitatem
1355 2924 1389 2956 h.
1415 2923 1436 2955 l.
1465 2923 1578 2955 allata.
