1895 3208
65 180 293 228 Catenella.
714 183 952 226 DL'MONTOEAE.
1505 186 1593 227 351

157 316 312 350 Frondes
349 316 561 358 caespitosae,
594 316 684 348 Γἐωξὶ
712 325 792 348 unc.
832 315 956 358 longae,
985 313 1169 356 tubulos-zv,
1199 314 1435 353 irregulariter
1462 316 1600 357 intlatw,

67 377 167 410 :3-tin.
207 377 298 418 latae,
337 382 424 414 iugc
461 375 602 415 divisae',
644 375 747 406 ramis
782 375 966 416 intricatis,
993 373 1206 415 palentibuS,
1234 374 1410 416 flexuosis,
1439 373 1600 413 turcatis}

66 434 207 466 ramulis
246 431 498 475 susis01·mibuS‚
537 431 741 474 patentibus
782 442 812 465 v.
852 434 1020 466 recurxis.
1082 432 1184 464 Color
1225 432 1392 475 fuscatus,
1418 431 1544 465 badius
1572 441 1601 463 x.

66 489 291 525 rubescens.⁷⁷

66 685 182 738 Lll.
225 685 553 738 CATENELLA
585 704 698 742 arev.
726 702 808 751 Alq.
841 703 907 742 Br.
935 714 972 751 p,
1009 703 1098 741 466.
1136 703 1168 741 J.
1207 705 1273 752 Ay.
1313 704 1394 752 Alf).
1434 705 1530 742 med.
1565 715 1602 754 p.

180 772 243 809 89.
286 771 400 810 Endl.
443 772 537 810 Gen.
580 770 635 808 Pl.
676 769 811 818 Suppl.
851 770 917 808 III.
948 781 983 818 p.
1021 769 1082 808 37.
1115 771 1229 811 It'eitz.
1263 772 1415 820 Phycol.
1443 784 1481 820 p.
1515 772 1603 810 394.

180 840 299 878 Harv.
330 839 443 889 Plzyc.
475 839 552 878 tab.
583 837 829 876 LXXXVIII.
861 836 1114 884 natyineniae?
1146 850 1199 887 sp.
1232 839 1298 887 Ay.

67 933 185 968 Frons
217 928 532 967 monililormiter
561 927 764 965 constricta
796 927 1186 978 articulato-ramosa,
1218 931 1392 966 contexta
1423 930 1493 967 tilis
1513 930 1604 968 lon-

178 997 446 1045 gitudinalibus
485 995 730 1045 paucioribus
769 994 1156 1044 anastomosantibus‚
1198 996 1442 1044 superficiem
1474 1007 1605 1034 versus

177 1065 214 1102 in
260 1065 319 1102 fila
364 1063 637 1101 monililormia
684 1063 912 1101 abeuntibus
958 1066 995 1100 et
1041 1063 1076 1101 in
1119 1066 1276 1101 stratum
1322 1065 1605 1114 periphericuin

175 1143 289 1171 muco
328 1131 536 1170 cohibitum
575 1131 889 1169 coalescentibus.
960 1129 1224 1180 Cyscocarpia
1264 1132 1302 1169 in
1344 1133 1498 1171 ramulis
1528 1134 1606 1171 mi-

177 1200 277 1238 nutis
307 1199 570 1248 subspliaericis
602 1199 794 1249 immersa,
825 1200 943 1248 (poro
975 1198 1193 1237 terminali?
1234 1200 1380 1249 aperta)
1427 1201 1606 1240 nucleum

177 1267 222 1305 ad
262 1269 319 1305 sila
359 1266 646 1314 longitudinalia
689 1277 930 1316 suspensum,
971 1267 1187 1315 gemmidiis
1219 1267 1389 1305 obovatis
1422 1279 1606 1317 quoquo-

178 1345 328 1373 versum
371 1334 602 1372 radiantibus
640 1335 888 1372 constitutum
928 1334 1105 1372 foventia.
1173 1333 1471 1383 Sphoerosporoe
1510 1336 1608 1374 inter

175 1402 235 1439 fila
267 1401 540 1439 monilisormia
574 1403 732 1439 evolutae
764 1413 914 1452 sparsae,
946 1402 1110 1440 zonatim
1143 1402 1281 1440 divisae.
1342 1399 1606 1452 [Iszitz.Pl1y-

177 1467 251 1506 col.
283 1467 361 1506 tab.
392 1467 456 1506 76.
488 1468 550 1506 IV.
583 1469 703 1507 Harv.
733 1469 846 1518 Phyc.
879 1468 955 1507 tab.
998 1469 1061 1507 88.
1107 1469 1310 1507 Decaisne
1355 1469 1482 1510 Class.
1530 1471 1606 1510 tab.

184 1536 246 1587 116,
276 1535 331 1584 9).

177 1627 349 1665 Frondes
365 1626 534 1677 minutas,
560 1637 760 1676 purpurea:
779 1631 817 1664 et
832 1627 1147 1680 membranaceae,
1164 1629 1608 1681 pulvinato-caespitosa‘‚

69 1698 274 1746 reptantes,
306 1695 419 1733 ramis
450 1706 590 1744 nempe
622 1695 812 1744 primariis
834 1695 1151 1734 decumbentibus
1170 1697 1441 1748 radicantibus,
1457 1710 1608 1737 sursum

68 1763 317 1800 secundarios
361 1763 636 1801 erectiusculos
677 1763 992 1801 monilil'ormiter
1032 1764 1259 1802 constrictos
1302 1768 1339 1802 et
1375 1766 1480 1814 quasi
1512 1766 1608 1804 arti-

70 1833 227 1883 culatos,
259 1831 590 1882 di-tricliotomos,
621 1831 667 1868 ab
697 1831 804 1880 apice
822 1832 969 1869 articuli
996 1831 1267 1870 emittentibus.
1302 1832 1443 1870 Rainuli
1461 1833 1609 1882 minuti,

70 1899 185 1937 unico
216 1899 375 1936 articulo
420 1901 649 1947 constantes,
692 1910 776 1936 cum
811 1899 923 1938 ramis
954 1900 1210 1952 egredientes,
1241 1911 1343 1938 nunc
1373 1901 1608 1952 acutiusculi,

70 1977 173 2005 nunc
202 1965 585 2016 sphaerico-obuiam,
617 1967 815 2004 fructiferi.

182 2061 336 2097 Constat
375 2058 481 2095 frons
518 2056 588 2095 filis
627 2057 822 2095 nonnullis
868 2057 1140 2107 principalibus
1179 2057 1425 2106 cylindraceis
1463 2059 1609 2098 articu-

71 2125 155 2165 latis
200 2125 526 2175 longitudinaliter
570 2125 860 2163 excurrentibus
913 2125 1327 2165 dicliotomo-ramosis
1372 2130 1409 2164 et
1452 2131 1609 2165 anasto-

70 2194 240 2232 mosibus
279 2194 439 2243 junctis;
483 2194 575 2231 rami
615 2193 786 2231 minores
826 2204 871 2231 ex
912 2194 968 2232 liis
1010 2194 1272 2244 egrediuntur,
1311 2195 1454 2233 sensim
1492 2196 1610 2242 magis

72 2263 326 2300 liorizontales
363 2262 489 2300 donec
530 2263 774 2311 superficiem
806 2272 936 2299 versus
968 2262 1005 2299 in
1038 2263 1094 2300 fila
1127 2262 1405 2301 monilisormia
1437 2262 1611 2311 plurima,

72 2331 272 2366 externum
318 2332 475 2367 stratum
520 2339 634 2366 muco
681 2328 889 2366 cohibitum
920 2330 1207 2379 constituentia,
1237 2329 1389 2368 abeunt.
1459 2330 1609 2369 Articuli

74 2396 113 2433 in
152 2396 222 2434 filis
260 2395 598 2443 longitudinalibus
643 2396 887 2446 cylindracei,
918 2398 955 2434 in
986 2396 1226 2434 intermediis
1260 2398 1338 2435 lere
1369 2398 1612 2447 pyril'ormOS,

75 2461 113 2499 in
145 2461 213 2499 filis
244 2462 543 2502 liorizontalibus
574 2463 778 2500 rotundati.

186 2552 425 2601 Cystocarpia
471 2552 507 2589 in
553 2551 707 2589 ramulis
752 2551 918 2601 propriis
963 2552 1191 2603 lateralibus,
1235 2554 1355 2591 forma
1400 2554 1610 2603 sphaerico-

77 2616 236 2655 obovata
279 2618 370 2667 (nec
407 2620 644 2668 compressa)
675 2619 960 2670 dignoscendis,
991 2620 1213 2670 nidulantia,
1245 2621 1282 2658 in
1312 2621 1443 2659 medio
1476 2623 1609 2660 ramuli

76 2686 158 2735 sita,
203 2689 241 2724 et
285 2686 355 2725 tilis
401 2687 738 2736 longitudinalibus
769 2689 948 2725 nucleum
981 2687 1282 2736 ingredientibus
1314 2691 1352 2725 et
1382 2700 1493 2738 parce
1525 2701 1610 2727 am·-

76 2753 267 2793 bientibus
303 2765 499 2805 suspensa,
537 2755 716 2792 nucleum
754 2754 978 2804 sphaericum
1009 2755 1296 2805 constituentia3
1327 2755 1482 2794 demum
1515 2757 1611 2805 (sec.

78 2821 236 2870 Harvey)
281 2834 351 2871 per
395 2833 532 2871 porum
578 2821 777 2860 terminale
821 2822 945 2870 (quod
976 2822 1066 2859 milii
1099 2823 1226 2869 latuit)
1259 2824 1462 2871 gcmmidia
1495 2824 1611 2861 emit-

79 2887 208 2926 tentia.
276 2889 487 2928 Gemmidia
525 2889 713 2940 parciora,
752 2889 924 2939 obovata,
962 2900 983 2926 e
1021 2890 1216 2927 communi
1249 2893 1382 2928 centro
1414 2890 1611 2942 radiantia,

79 2952 125 2991 ab
156 2953 455 2995 endocliromate
486 2959 734 2995 transmutato
767 2956 920 2996 filorum
949 2956 1235 2995 articulatorum
1266 2958 1437 2997 formata.
