1895 3208
49 150 306 195 Grac-daria.
627 149 1009 193 SrnAEiiococcoinEAE.
1474 150 1500 189 5
1509 151 1534 189 9
1543 151 1567 188 7

139 282 246 316 Frons
271 282 574 324 Q—AE-pollicaris,
602 283 760 315 crassitie
788 281 920 314 inferne
948 290 1058 323 usque
1084 289 1233 323 pennam
1263 281 1439 314 corvinam
1466 280 1571 312 attin-

47 351 143 384 gens,
182 343 217 374 in
255 339 419 373 inferiore
452 343 550 383 parte
577 341 690 373 minus
716 340 837 382 divisa,
866 341 898 372 in
925 340 1106 381 superiore
1132 339 1344 372 densissime
1371 338 1571 371 dichotoma

46 403 82 433 et
106 398 291 442 aliquando
332 397 476 440 quidem
514 400 559 430 ita
594 398 835 439 decomposita
863 400 899 430 ut
925 398 1154 438 glomerulum
1182 397 1404 430 rotundatum
1431 396 1572 429 efficiat.

46 458 141 490 Rami
180 457 329 498 majores
366 457 601 498 erectiusculi,
641 457 792 488 minores
831 458 865 487 et
889 457 1070 497 pris-cipue
1096 456 1249 496 supremi
1278 456 1322 487 ita
1350 457 1511 496 patentes
1539 457 1575 487 ut

47 517 118 549 fere
144 515 335 557 divaricati,
363 523 482 547 omnes
510 524 527 546 a
553 513 629 546 basi
657 515 698 546 ad
726 515 862 555 apicem
889 514 1036 546 eandem
1063 513 1134 545 sere
1161 514 1357 546 crassitiem
1381 514 1574 545 servante&

45 574 247 608 Substantia
277 581 424 606 carnosa
456 573 554 604 firma
587 575 622 604 at
653 572 800 613 fragilis-3
835 572 1074 605 exsiccatione
1110 579 1236 603 cornea
1278 571 1411 614 evadit,
1452 572 1575 604 admo-

45 634 127 667 dum
154 631 370 666 contrahitur
395 632 430 663 et
456 632 550 671 rugis
575 631 754 672 sulcisque
781 629 1091 670 longitudinalibus
1116 631 1234 661 notata
1262 633 1417 671 apparet.
1453 630 1575 662 Omnia

46 693 164 724 nostra
200 689 391 733 specimina
419 689 631 721 decolorata.
679 688 942 731 Spliaerosporae
971 688 1098 720 adsunt
1123 688 1156 719 in
1184 688 1325 720 ramulis
1352 689 1409 720 vix
1435 689 1575 731 quidem

46 750 251 783 incrassatis
285 750 374 781 inter
407 747 462 780 fila
497 748 701 789 prolongata
729 746 801 778 fere
828 747 1082 779 anastomantia
1110 747 1207 778 strati
1236 746 1447 788 periplierici
1475 747 1577 779 nidu-

45 808 169 850 lantes,
197 808 381 840 cruciatim
408 806 542 839 divisae.

138 866 269 899 Fucum
297 865 405 898 Poitei
432 864 525 896 Lam.
552 863 594 896 ad
617 864 770 906 plantam
786 871 890 905 supra
908 862 1120 903 descriptam
1139 863 1327 905 pertinere,
1346 863 1447 895 nullis·
1462 862 1576 895 dubiis

46 933 171 958 vacare
197 925 372 957 existimo.
398 922 596 964 Descriptio
625 922 705 954 data
731 923 766 953 et
792 921 912 952 icones
938 928 1038 961 aeque
1066 920 1290 952 conveniunt.
1326 919 1414 952 Sunt
1440 930 1578 963 quoquc

46 983 240 1026 specimina
266 981 300 1016 F.
326 982 445 1025 l’oitei,
462 981 504 1014 ab
519 980 692 1021 Agardhio
708 980 728 1012 l.
745 988 775 1012 c.
794 979 837 1011 ad
850 978 978 1011 Fucum
996 976 1155 1017 Wrigbtii
1170 976 1273 1010 Turn.
1289 978 1407 1021 relata,
1424 988 1501 1020 qnae
1516 987 1579 1010 an-

45 1051 121 1076 sam
147 1042 318 1075 dederunt
343 1040 377 1073 F.
404 1039 512 1072 Poitei
539 1047 619 1071 cum
644 1037 680 1069 F.
706 1036 864 1077 Wrightii
892 1034 1114 1076 conjungere.
1142 1033 1302 1067 Nostram
1330 1043 1411 1068 vero
1426 1037 1579 1078 plantam

46 1104 81 1134 et
105 1109 210 1143 supra
248 1101 391 1133 citatam
427 1097 625 1138 Montagnei
668 1096 857 1128 identicam
899 1102 990 1136 esse,
1028 1094 1139 1133 magis
1172 1092 1332 1133 dubiumq
1359 1095 1452 1126 nullo
1478 1094 1580 1135 hujus

46 1161 240 1202 specimine
275 1160 348 1191 viso
382 1159 438 1191 vix
471 1157 536 1190 hoc
569 1155 810 1197 dijudicarem.
872 1152 977 1186 Suam
1011 1152 1238 1193 gelatinosam
1267 1152 1456 1194 descripsit
1480 1152 1581 1185 Mon-

46 1221 162 1262 tagne,
202 1218 295 1260 quod
322 1218 437 1250 minus
475 1217 554 1257 apte
582 1214 623 1246 de
650 1215 769 1246 nostra
796 1212 934 1253 dicitur,
962 1219 1039 1253 quae
1066 1218 1212 1243 carnosa
1241 1210 1394 1253 quidem,
1421 1210 1483 1243 sed
1509 1210 1581 1242 fra-

47 1278 137 1318 gilis.
185 1276 339 1309 Ramulis
366 1273 578 1307 abbreviatis
604 1270 807 1304 lateralibus
834 1270 952 1311 planta
978 1268 1150 1301 Cubensis
1177 1277 1316 1310 quoque
1331 1271 1501 1302 instructa
1516 1272 1581 1312 est,

47 1336 140 1378 quod
174 1343 255 1367 vero
294 1333 336 1366 de
363 1333 467 1365 unico
494 1332 693 1363 nostrorum
720 1328 913 1370 specimine
940 1335 1079 1369 quoque
1107 1326 1294 1359 dicendum
1321 1330 1386 1369 est,
1412 1328 1494 1359 licet
1523 1335 1582 1358 ra-

47 1394 130 1427 muli
157 1393 288 1425 sensim
314 1399 522 1424 excrescere
549 1391 584 1421 et
608 1397 687 1421 cum
713 1387 905 1428 segmentis
937 1385 1069 1418 frondis
1095 1384 1295 1418 conformes
1318 1386 1466 1418 evadere
1482 1386 1581 1418 vide-

48 1455 161 1486 antur.
199 1469 246 1476 —-
282 1449 408 1483 Nostra
449 1456 588 1490 quoque
627 1446 780 1479 crassior
805 1444 952 1486 videtur,
981 1452 1084 1486 quam
1111 1452 1189 1485 quae
1216 1444 1308 1486 apud
1334 1443 1581 1485 Montagneum

49 1511 191 1553 depicta
219 1510 344 1542 exstat.

54 1639 113 1678 45.
145 1641 205 1682 GR.
238 1641 473 1675 DAMAECORNJS
505 1632 558 1679 [J.
589 1633 656 1680 Ay.
688 1634 825 1677 mser.)
860 1629 995 1668 fronde
1024 1628 1132 1667 tereti
1152 1629 1379 1667 crassissima
1397 1639 1582 1667 carnoso-

160 1715 297 1743 eornea
330 1700 841 1751 decomposito-dieliotoma
880 1696 1146 1747 subfastigiata‚
1178 1696 1290 1734 ramis
1323 1697 1582 1734 erectiusculis

53 1945 127 1976 ⁴53.
155 1941 327 1976 vaxm?
353 1946 544 1973 ‚ANGULOSA
571 1936 701 1979 (Mont.
735 1934 815 1978 Voy.
843 1934 914 1968 Pol.
939 1933 1021 1967 Snd.
1039 1943 1074 1977 p.
1100 1935 1157 1965 451
1186 1932 1253 1965 lab.
1272 1929 1381 1975 43fiq.
1401 1932 1433 1971 1)
1461 1930 1583 1964 fronde

145 2002 372 2042 cartilaginea
406 2006 613 2040 compressa
647 1996 895 2036 longitrorsum
931 1992 1267 2035 ruguloso—sulcata,
1294 1992 1389 2024 sicca
1416 1990 1496 2022 hinc
1524 1998 1584 2022 ca-

145 2060 351 2096 naliculata,
390 2056 629 2097 irregulariter
668 2053 1053 2091 dicliotomo-ramosa,
1091 2051 1258 2082 ramentis
1300 2047 1584 2082 aculeiformibus

146 2117 366 2161 simplicibus
407 2118 467 2149 aut
504 2113 650 2146 bifurcis
689 2110 924 2144 subsecundis
956 2111 1068 2142 acutis
1096 2109 1255 2141 obsessa.
1305 2106 1405 2140 Ktilz.
1432 2106 1488 2149 Sp.
1517 2106 1584 2149 aly.

142 2188 177 2221 p.
203 2177 281 2209 759.

146 2235 230 2268 Hab.
258 2234 300 2267 ad
331 2242 436 2276 rupes
464 2232 588 2265 insulae
615 2229 710 2262 Toud
739 2226 925 2266 (D'Urxille
952 2228 987 2258 et
1012 2225 1221 2265 Hombron).

146 2294 230 2334 Alga
257 2292 401 2324 multum
429 2291 566 2322 varians
593 2290 628 2319 et
653 2290 720 2320 tam
748 2286 801 2318 sui
839 2285 1020 2317 dissimilis
1048 2285 1080 2316 in
1111 2284 1226 2325 variis,
1255 2291 1332 2324 qua·
1360 2284 1438 2314 ante
1466 2281 1586 2313 oculos

54 2353 180 2394 habeo,
221 2348 492 2392 exemplaribus,
531 2349 569 2379 ut
601 2348 634 2379 in
663 2346 780 2387 plures
808 2343 994 2376 distinctas
1021 2342 1160 2384 species
1188 2340 1456 2382 dispescendam
1485 2339 1585 2370 facile

55 2421 131 2444 eam
159 2410 336 2443 crederes.
392 2407 500 2439 Frons
526 2406 765 2446 cartilaginea,
792 2404 888 2435 sicca
915 2402 976 2439 (an
1004 2404 1039 2433 et
1065 2401 1230 2440 vigens'3)
1258 2406 1472 2440 compressa,
1501 2397 1586 2429 ¹<ub-

57 2469 298 2509 canaliculato,
332 2467 579 2506 longitrorsum
614 2463 901 2500 striato-rugosa,
929 2461 1046 2491 statim
1074 2467 1092 2490 a
1122 2458 1195 2489 basi
1223 2457 1422 2489 ‹licliotonia
1449 2456 1586 2494 irregu-

56 2528 246 2568 lariterque
279 2532 428 2565 ramosa,
458 2521 655 2562 biuncialiS,
690 2520 833 2560 longior,
861 2517 1189 2557 circumscriptione
1217 2514 1526 2554 seniiorbicularis,
1554 2514 1585 2545 in

56 2595 124 2620 uno
163 2586 222 2617 aut
259 2582 366 2614 altero
405 2580 582 2613 individuo
621 2578 784 2610 deorsum
824 2576 913 2608 linea
953 2575 1115 2616 crassior,
1144 2575 1174 2605 in
1203 2573 1346 2614 reliquis
1374 2580 1454 2604 vero
1481 2571 1586 2612 duplo

57 2643 248 2685 angustior,
274 2640 405 2672 sensim
432 2639 621 2671 attenuata.
670 2635 766 2666 Rami
801 2634 1116 2674 erecto-patentes,
1144 2631 1334 2663 intervallis
1364 2631 1448 2662 l-2
1476 2631 1588 2662 linea-

58 2703 154 2736 ribus
189 2700 350 2741 sejuncti,
382 2696 547 2729 ramentis
580 2692 876 2735 aculeiformibus,
903 2691 978 2723 basi
1006 2691 1144 2722 scilicet
1170 2689 1322 2721 ‹lilatatis
1349 2689 1448 2730 apice
1475 2688 1587 2719 acutis

58 2755 483 2802 patenti-incurvius-culis
518 2752 736 2794 simplicibus
770 2751 948 2782 rarissime
981 2748 1123 2781 succutis
1159 2748 1286 2789 onusti,
1320 2747 1432 2779 axillis
1467 2747 1588 2778 rotun-

59 2819 160 2852 datis.
211 2817 393 2850 Structura
422 2813 559 2853 generis
587 2812 622 2842 et
646 2810 727 2842 huic
755 2808 1002 2850 Hydropuntioe
1027 2806 1120 2838 haud
1146 2805 1327 2838 absimilis.
1385 2804 1588 2837 Substantia

60 2876 296 2917 cartilaginea.
346 2872 448 2905 Color
473 2868 592 2902 viridis
625 2875 728 2909 quem
757 2865 873 2907 fuisse,
901 2864 981 2897 (lum
1015 2863 1098 2903 Aiga
1132 2862 1281 2905 vivebat,
1309 2871 1448 2895 roseum
1475 2862 1588 2895 nullus

61 2935 195 2969 dubito.
244 2932 380 2965 Chartae
405 2929 546 2961 minime
573 2925 739 2959 adliaeret.
