1895 3208
273 142 366 182 636
848 139 1230 185 St‘thEROCOCCOiDEAE.
1562 144 1800 191 Lecitlzices.

382 278 417 310 et
449 274 486 310 in
518 274 575 310 sila
608 272 795 311 verticalia
837 273 1113 312 moniliformia
1154 276 1256 315 strati
1296 279 1525 328 periplnerici
1563 279 1798 318 abeuntibus.

379 339 640 388 Cystocarpia
670 370 677 377 .
712 372 718 379 .
752 370 760 378 .
793 371 800 379 .
833 342 1127 392 Sphaerosporoe
1158 343 1194 382 in
1228 346 1339 384 ramis
1371 347 1702 397 siliquaeformibus
1730 361 1798 397 ag-

379 412 550 456 gregatae.
583 440 590 447 .
623 440 630 447 .
663 437 670 446 .

379 501 495 536 Frons
533 499 949 551 gelatinoso-carnosa,
989 503 1025 541 in
1064 514 1158 553 aqua
1197 505 1271 543 cito
1304 507 1543 558 reviviscens,
1573 508 1697 546 adulta
1730 521 1798 547 ex·-

268 565 476 603 siccatione
515 566 868 623 sub-liclienoidea,
908 581 1041 609 recens
1084 576 1122 608 ut
1163 572 1309 611 videtur
1344 585 1387 611 ex
1427 577 1798 627 tereti-compressa,

266 634 450 671 exsiccata
489 634 647 672 omnino
687 637 810 685 plana,
851 641 952 675 costa
997 639 1171 678 immersa
1211 641 1485 690 aliquantulum
1523 647 1798 694 transparente,

268 701 538 740 ramilicatione
569 703 727 741 disticbe
758 705 974 743 dicliotoma
1007 707 1209 758 pinnisque
1241 710 1513 760 decomposita.
1572 713 1700 750 Stratis
1725 714 1797 750 tri-

265 770 333 807 bus
377 771 481 808 frons
525 774 699 809 contexta
747 777 819 821 est3
852 774 1019 811 centrale
1050 776 1137 814 satis
1167 781 1365 825 angustum
1398 779 1468 816 silis
1500 779 1684 826 elongatis
1716 781 1796 817 laxe

264 838 456 887 dispositis
487 839 691 877 articulatis
723 844 759 877 et
789 844 1159 882 auastomosantiluis
1183 850 1347 895 constat;
1367 847 1634 885 intermedium
1653 847 1797 886 cellulis

265 906 685 958 rotundato-oblongis,
717 909 845 957 paucis
876 911 1047 948 seriebus
1078 914 1331 951 concentu-icis
1362 916 1528 953 centrale
1552 915 1797 953 circumdan-

265 973 374 1024 tibus,
406 976 631 1022 amylaceam
664 976 910 1015 substantiam
941 978 1095 1017 demun]
1129 981 1369 1032 gerentibus,
1402 983 1683 1032 peripliericum
1716 985 1797 1021 cel-

260 1042 344 1079 lulis
383 1042 538 1080 minutis
570 1044 606 1081 in
638 1044 697 1080 fila
729 1045 916 1083 vertiealia
949 1047 1178 1095 conjunctis,
1209 1050 1368 1097 gelatina
1402 1051 1546 1098 liyalina
1577 1051 1682 1099 quasi
1719 1051 1794 1087 im-

261 1108 394 1146 mersis
425 1113 463 1146 et
492 1114 704 1148 extrorsum
737 1112 881 1150 cinctis.
942 1114 1015 1151 Fila
1047 1116 1149 1152 strati
1183 1117 1359 1154 centralis
1393 1117 1491 1154 inter
1521 1120 1674 1156 cellulas
1691 1119 1793 1156 strati

259 1177 374 1214 medii
415 1179 654 1216 excurrentia
697 1183 734 1216 et
774 1180 871 1219 circa
913 1182 974 1219 lias
1006 1183 1310 1222 anastomosibus
1345 1185 1546 1223 reticulum
1580 1187 1794 1237 formantia,

259 1244 297 1281 in
345 1245 402 1283 tila
449 1247 553 1284 strati
600 1247 826 1296 periplierici
873 1249 1027 1288 demum
1073 1250 1297 1290 desinentia.
1372 1256 1525 1291 Fructus
1556 1266 1573 1291 a
1612 1265 1674 1292 me
1714 1266 1793 1293 non

259 1313 460 1352 observati.

368 1384 505 1433 Planta,
535 1395 647 1432 quam
680 1396 763 1422 cum
796 1388 894 1424 Fuco
929 1387 1162 1434 rangiferino
1195 1388 1355 1426 'l'urneri
1389 1389 1590 1429 identicam
1608 1392 1792 1442 suspicor,

256 1450 383 1488 babitu
428 1456 465 1488 et
507 1456 692 1491 structura
741 1455 922 1503 peculiari
968 1468 987 1493 a
1032 1456 1192 1504 cognitis
1238 1457 1414 1495 omnibus
1462 1459 1509 1495 ita
1554 1459 1709 1510 abludit,
1755 1465 1794 1497 ut

256 1529 375 1565 genus
414 1530 553 1558 novum
593 1522 644 1559 illi
685 1523 854 1560 condere
892 1535 1023 1574 cogor,
1062 1525 1150 1562 licet
1190 1526 1331 1562 fructus
1369 1526 1490 1564 adhuc
1521 1527 1610 1565 mibi
1642 1529 1791 1577 penitus

257 1586 407 1624 obscuri
439 1593 627 1627 maneant.
687 1590 736 1628 Ad
770 1591 984 1639 llcringiam
1017 1596 1054 1629 et
1086 1593 1306 1631 bicranema
1341 1596 1467 1632 forsan
1487 1595 1658 1644 proxime
1675 1608 1790 1634 acce-

254 1653 320 1703 (lit,
360 1655 510 1693 defectu
553 1657 630 1694 tubi
664 1659 840 1696 centralis
871 1659 916 1696 ab
949 1660 1024 1709 illo,
1056 1664 1242 1699 structura
1273 1662 1375 1699 strati
1408 1663 1585 1701 centralis
1617 1667 1654 1701 et
1684 1665 1790 1713 peri-

254 1724 395 1772 pberici
442 1729 554 1774 atque
601 1730 744 1765 textura
790 1728 1010 1778 gelatinosa,
1055 1741 1126 1767 nec
1172 1742 1249 1768 nou
1291 1731 1415 1768 babitu
1458 1731 1503 1768 ab
1541 1733 1613 1769 boc
1650 1744 1790 1780 genere

255 1791 451 1829 recedens.
512 1797 666 1832 Fructus
698 1795 991 1844 siliquaeforines
1022 1799 1247 1836 memoravit
1277 1803 1487 1848 'l‘ui·nerus;
1512 1801 1790 1851 spliaerosporas

253 1859 307 1896 liis
339 1860 537 1899 contineri·
573 1862 717 1900 facilius
761 1863 975 1914 conjicitur,
1013 1866 1119 1913 cujus
1158 1876 1247 1903 vero
1279 1870 1475 1905 structurae
1507 1871 1685 1905 caeterum
1716 1869 1790 1906 sint

253 1939 329 1965 non
372 1940 479 1976 {eque
518 1929 647 1979 liquet..
714 1935 764 1969 De
803 1933 1046 1970 affinitatibus
1088 1938 1264 1972 emiorum
1299 1936 1415 1986 loqui,
1448 1935 1483 1973 in
1516 1939 1614 1973 tauta
1647 1936 1788 1974 fructus

253 1995 495 2048 obscuritate,
527 1999 685 2036 omnino
719 1999 864 2037 irritum
902 2005 1013 2039 esset.

257 2129 286 2168 Ι.
319 2134 351 2169 L.
384 2141 635 2172 aasauazmsus
668 2135 730 2179 (R.
773 2136 926 2174 Brown.
966 2140 1104 2182 mser.)
1147 2138 1282 2176 fronde
1322 2140 1429 2188 plana
1460 2139 1618 2178 ‹listicbe
1649 2140 1786 2178 dicho-

361 2204 461 2239 toma
500 2205 537 2238 et
579 2214 597 2239 a
638 2202 807 2251 margine
850 2205 1014 2256 pinnata,
1047 2206 1171 2254 pinnis
1202 2205 1571 2246 subborizontalibus
1602 2220 1784 2257 segmen-

361 2268 482 2317 tisque
513 2269 798 2321 decompositis,
829 2272 997 2320 apicibus
1028 2273 1397 2322 subdivergenubus.

342 2344 455 2379 Fucus
481 2346 713 2387 rangifcrinus
740 2347 777 2382 R.
804 2347 864 2382 ΒΓ.
891 2359 998 2384 mser.
1026 2350 1062 2384 in
1094 2349 1198 2385 Turn.
1225 2350 1313 2385 Hisc.
1340 2351 1424 2386 Fue.
1451 2351 1518 2385 III.
1546 2350 1612 2385 tab.
1644 2352 1724 2385 483!

342 2403 514 2438 Chondria
542 2407 752 2448 rangiferina
779 2407 838 2453 Ay.
863 2418 913 2452 sp.
936 2420 970 2453 p.
1000 2412 1076 2443 35⁸3.

342 2462 506 2507 Hypaea?
535 2465 743 2505 rangiferina
771 2465 894 2507 Grev.;
921 2467 1021 2502 li'atcz.
1046 2468 1103 2513 Sp.
1131 2469 1200 2514 Alq.
1222 2480 1258 2513 p.
1284 2472 1362 2503 764.

360 2547 445 2585 Hab.
477 2548 521 2585 ad
555 2552 694 2588 insulas
728 2553 819 2589 Kent
851 2564 971 2602 prope
1005 2555 1091 2592 Nov.
1127 2554 1360 2592 llollandiam
1393 2558 1589 2605 (Brown);
1620 2556 1664 2595 ad
1698 2568 1781 2595 oras

251 2615 357 2651 Novae
390 2616 594 2655 ilollandioe
625 2618 710 2663 (lib.
743 2620 843 2666 Agl)

344 2703 470 2737 ’'Radix
499 2706 685 2738 scutulata.
736 2706 889 2739 Fronde>⁴
916 2712 1125 2751 aggregatae,
1153 2709 1322 2750 dumosae,
1349 2711 1630 2754 ⁶2—v3-unciales,
1653 2712 1777 2753 pianae,

249 2760 320 2793 basi
349 2762 474 2795 lineam
503 2764 574 2796 fere
602 2765 693 2808 later,
722 2774 808 2806 vage
834 2766 1056 2810 dicliotomae,
1084 2768 1281 2812 fastis-natm,
1310 2772 1502 2810 segmentis
1519 2769 1777 2810 angustioribus

248 2820 460 2865 patentibus,
495 2824 636 2866 insuper
672 2827 868 2866 praesertim
902 2836 1022 2859 versus
1049 2829 1169 2867 apices
1196 2828 1439 2861 emittentibus
1468 2837 1581 2860 ramos
1609 2827 1777 2866 homoge-

248 2885 344 2917 υνυς,
373 2878 544 2923 laterales,
572 2881 786 2926 frequentes,
813 2886 986 2926 patentes,
1014 2885 1183 2926 quosdam
1213 2887 1269 2919 vix
1296 2887 1421 2919 lineam
1449 2885 1775 2926 longos,simplices

248 2932 297 2963 iel
333 2933 500 2979 bifurcos,
538 2940 625 2971 alios
668 2940 772 2982 duplo
806 2942 953 2983 triplox‘c
979 2942 1167 2986 longiores,
1195 2943 1248 2975 bis
1275 2944 1442 2977 bifurcos.
1493 2942 1631 2974 Semina
1660 2943 1775 2975 miuu-
