1895 3208
259 130 285 168 4
295 130 318 169 4
325 129 351 167 0
904 123 1147 167 Hrrafflcssffi.
1597 124 1791 182 Hypaea.

367 257 604 307 (ssjystocarpia
650 256 695 294 ad
741 257 909 294 ramulos
954 255 1181 294 divaricatos
1227 259 1397 309 evoluta,
1449 260 1605 296 externe
1651 260 1794 298 elevata

257 326 457 376 peculiaris
490 326 570 362 sere
602 323 754 362 indolis.
824 323 1083 372 Pericarpium
1125 325 1452 374 liemispliaericum
1483 347 1537 352 -—
1568 326 1792 375 spliaericum

257 398 306 443 et,
339 393 376 429 ni
411 393 532 440 fallor,
575 392 746 439 undique
793 392 977 440 clausum,
1018 393 1142 430 stratis
1180 393 1329 431 duobus
1362 394 1616 432 exterioribus
1647 395 1793 432 frondis

257 465 478 500 contextum
524 463 597 509 est3
652 460 796 496 eollulae
842 459 1046 508 pericarpii
1094 461 1304 498 exteriores
1349 461 1548 498 vernentes
1594 461 1794 512 coloratae,

256 528 419 577 simplici
464 527 564 564 serie
610 527 816 576 dispositae,
861 537 974 564 muco
1020 528 1212 576 pellucido
1250 528 1399 578 cinctae3
1430 528 1526 566 infra
1557 530 1620 566 lias
1650 531 1793 567 cellulze

256 597 421 643 maj0res
459 598 497 632 et
534 595 699 632 laxiores
736 594 1055 632 subconcentrice
1087 595 1252 644 seriatae3
1286 595 1384 632 basis
1414 596 1617 645 pericarpii
1650 597 1794 634 cellulis

256 664 376 712 magis
418 662 629 700 rotundatis
669 662 920 712 plurilmsque
964 666 1120 700 constat.
1178 663 1255 701 Fila
1285 662 1479 700 articulata
1513 675 1626 712 parce
1657 665 1795 702 diebo-

257 736 359 769 toma
400 736 437 769 et
475 730 811 780 anastomosautia,
851 730 1110 768 eudocia-omn
1142 732 1353 768 coloratum
1387 731 1479 768 intra
1513 731 1644 769 tubum
1676 732 1796 778 hyali-

256 811 348 837 num
384 799 561 847 foventia,
592 811 611 836 a
644 798 722 835 basi
763 799 943 836 cellulosa
976 798 1021 835 ad
1056 799 1283 836 fornicatum
1317 798 1519 847 pericarpii
1553 802 1694 836 tectum
1726 812 1795 836 ex-

258 872 377 917 tensa,
422 867 584 916 spatium
625 866 851 915 cystocarpii
892 867 1085 903 internum
1130 866 1246 903 laxius
1288 869 1528 914 percurrunt.
1589 867 1799 905 Glomeruli

258 934 479 983 subglobosi
520 934 818 981 gemmidiorum
861 933 905 970 ad
948 935 1025 971 luec
1062 934 1120 970 lila
1159 934 1346 982 suspensi,
1389 934 1484 971 intra
1524 935 1800 984 cystocarpium

258 1002 427 1053 plurimi,
467 1002 628 1039 invicem
671 1002 836 1038 discreti.
907 1001 1118 1039 Gemmidia
1160 1002 1240 1039 sere
1281 1002 1450 1052 globosa,
1482 1001 1576 1039 intra
1609 1004 1799 1040 sacculum

259 1071 407 1117 singula
439 1069 581 1106 inclusa
614 1072 651 1106 et
681 1069 871 1118 pedicello
904 1069 1053 1116 hyalino
1087 1069 1190 1107 brevi
1223 1069 1383 1120 suffulta,
1414 1081 1434 1107 a
1467 1073 1609 1119 puncto
1642 1072 1800 1109 centrali

260 1138 460 1186 glomeruli
493 1148 806 1186 ‹pioquovcrsum
840 1136 1033 1174 radiantia.

372 1205 651 1253 Spluerosporae
698 1204 734 1241 in
782 1204 949 1254 ramulis,
995 1204 1039 1241 ad
1087 1204 1191 1241 basin
1232 1204 1415 1242 tumidam
1453 1209 1516 1242 aut
1554 1206 1598 1243 ad
1630 1204 1837 1245 medium'

260 1275 318 1311 vel
351 1273 499 1322 apicem
531 1272 715 1320 siliquose
747 1272 931 1321 inflatum,
970 1272 1216 1310 circumcirca
1257 1274 1429 1323 evolutae,
1460 1272 1632 1322 plurimae
1663 1285 1802 1322 aggre-

261 1343 366 1390 gatae,
412 1339 511 1376 inter
555 1341 709 1378 cellulas
755 1341 1000 1389 prolongatas
1046 1343 1083 1377 et
1127 1341 1357 1378 subseriatas
1401 1341 1504 1378 strati
1555 1342 1803 1390 superficialis

260 1409 491 1459 nidulantes,
536 1419 665 1446 sorum
711 1408 1037 1446 nematlieciosum
1079 1407 1125 1446 ita
1166 1408 1395 1459 formantes,
1427 1408 1582 1457 singula}
1615 1408 1803 1461 oblongae,

261 1476 426 1514 zonatim
460 1476 600 1514 divisae.

374 1549 502 1582 Genus
550 1548 708 1593 llypneae
739 1556 757 1581 a
791 1547 1028 1582 Lamouroux
1077 1543 1288 1582 institutum
1336 1547 1473 1593 praeter
1513 1544 1661 1594 species
1701 1557 1804 1583 non-

263 1613 399 1661 nullas,
443 1623 525 1660 qua*
570 1613 686 1649 hodie
734 1612 866 1659 {generi
912 1612 1127 1662 pertinent,
1176 1612 1391 1650 Nae-cariam
1437 1624 1593 1661 quoque
1628 1614 1804 1663 comple-

264 1680 448 1717 ctebatur.
523 1680 700 1730 Greville,
746 1681 811 1728 qui
849 1691 968 1727 genus
1014 1679 1395 1730 Lamourouxianum,
1434 1680 1479 1717 ab
1510 1680 1694 1729 Agardliio
1727 1693 1806 1720 non

265 1751 484 1798 receptum,
531 1747 715 1793 restituit,
761 1747 977 1786 Naccariam
1025 1747 1207 1797 expulsit,
1259 1748 1516 1786 characterem
1561 1760 1715 1797 quoque
1769 1749 1805 1786 in

265 1828 313 1854 eo
352 1815 580 1865 emendavit,
626 1815 728 1863 quod
777 1816 946 1852 ramulos
992 1815 1137 1853 fertiles
1182 1816 1482 1854 intumescentes
1523 1817 1806 1866 sphoerosporas

265 1883 480 1932 continere,
526 1893 598 1919 nec
644 1884 807 1920 l'ructum
850 1884 1086 1931 capsularem
1126 1883 1279 1930 generis
1311 1883 1478 1933 ellicere,
1509 1887 1548 1920 ut
1579 1884 1707 1921 babuit
1737 1887 1806 1922 La-

264 1961 469 2000 mouroux,
500 1949 721 1987 declararet.
784 1953 987 1996 Montagne
1021 1950 1183 1987 fructum
1216 1951 1453 1998 capsularem
1487 1951 1631 1999 primus
1663 1951 1806 1999 etqui-

265 2018 353 2055 dem
400 2018 555 2066 egregie
600 2017 816 2067 descripsit,
862 2018 1215 2066 spluerosporarum
1262 2029 1417 2066 quoque
1462 2017 1691 2056 divisionem
1737 2019 1806 2056 rite

267 2087 460 2136 exposui13
502 2087 639 2124 erravit
678 2089 821 2123 tantum
864 2087 901 2122 in
940 2097 1001 2135 eo,
1039 2086 1141 2134 quod
1181 2086 1266 2134 Spli.
1306 2086 1510 2123 ustulatum
1543 2089 1703 2134 llypneae
1735 2087 1807 2124 ad-

267 2157 498 2191 numeraret.
569 2156 606 2190 ln
649 2153 926 2202 posterioribus
968 2153 1150 2202 operibus
1189 2154 1261 2190 llOC
1291 2165 1446 2202 quoque
1479 2155 1709 2204 emendavit,
1741 2154 1807 2190 sed

267 2221 322 2258 liis
353 2221 446 2258 locis
477 2232 576 2269 saepe
608 2221 698 2258 alias
730 2221 1009 2268 lieterogeneas
1040 2220 1191 2269 species
1223 2221 1445 2260 intremuit.
1506 2220 1689 2258 Decaisne
1721 2220 1744 2257 l.
1774 2231 1806 2258 c.

267 2293 494 2327 structuram
528 2288 723 2336 utriusque
757 2288 899 2325 fructus
931 2300 1084 2336 quoque
1119 2288 1189 2325 rite
1212 2288 1459 2326 adumbravit.
1506 2289 1660 2336 l'x'titzing
1676 2289 1807 2337 Spluc-

267 2369 447 2407 rosporas
493 2361 529 2393 et
574 2360 799 2393 structuram
851 2357 996 2394 frondis
1044 2357 1196 2405 pulchra
1241 2357 1379 2404 analysi
1420 2356 1634 2405 illustravit3
1665 2367 1806 2394 nomen

269 2425 422 2473 generis
453 2424 490 2461 in
523 2426 647 2474 primo
679 2436 747 2461 suo
780 2435 899 2473 opere
931 2424 1109 2473 mutavit;
1140 2424 1361 2473 primarium
1395 2424 1430 2461 in
1462 2425 1594 2461 ultimo
1628 2424 1808 2473 restituit3

269 2492 497 2540 Cystocarpii
545 2496 771 2529 structuram
818 2493 873 2528 vix
920 2492 1115 2541 cognorit,
1160 2492 1308 2540 species
1346 2502 1502 2540 quoque
1533 2493 1808 2539 lieterogeneas

270 2559 400 2607 generi
433 2558 637 2605 subJ'unxit.
699 2562 779 2607 lpse
813 2560 849 2596 iu
881 2559 977 2607 Algis
1010 2559 1314 2609 mediterraneis,
1346 2559 1808 2608 spluerosporisnoudum

270 2627 359 2663 milii
392 2626 566 2677 cognitis,
597 2637 716 2674 genus
748 2631 785 2664 et.
816 2628 913 2664 male
947 2626 1098 2664 limitavi
1133 2631 1170 2663 et
1200 2627 1416 2664 charactere
1447 2636 1577 2675 pravo,
1599 2625 1642 2662 ad
1661 2626 1808 2674 species

271 2695 547 2742 lieterogeneas
601 2697 774 2743 exarato,
825 2694 996 2743 delinivi,
1044 2694 1080 2730 in
1128 2694 1341 2742 posteriore
1387 2693 1572 2742 opusculo
1617 2692 1665 2728 de
1711 2694 1807 2740 Algis

270 2761 664 2800 ljolunanniunisnec
694 2765 920 2800 structuram
955 2761 1178 2810 cystoearpii
1215 2761 1284 2798 rite
1317 2760 1488 2808 exposui,
1521 2758 1657 2796 limites
1683 2762 1807 2797 tamen

274 2828 462 2874 legitimos
493 2829 644 2875 generis
676 2830 756 2866 sere
783 2828 882 2865 duxi.
916 2828 1330 2877 l·‘.u‹lliclierusaliique,
1349 2839 1435 2863 meo
1451 2826 1598 2873 decepti
1619 2828 1807 2877 exemplo,

274 2905 391 2942 genus
424 2907 508 2933 cum
543 2897 652 2935 xariis
684 2896 895 2935 GracilariaJ
927 2895 1127 2945 speciebus
1160 2897 1359 2933 oneratum
1391 2896 1686 2943 proposuerunt.

1210 3000 1228 3015 Ι
