1895 3208
274 145 366 184 598
833 135 1217 177 SPHAEROCOCCOHJEAE.
1543 132 1801 177 Gracilaria.

382 284 480 322 saepe
524 270 724 309 incurvatis
771 269 920 307 inferne
965 268 1322 319 subunilatcraliter,
1366 269 1473 318 apice
1503 267 1804 305 subdivaricato-

384 339 596 388 ramulosis,
628 338 781 375 ramulis
812 336 1082 387 patentissimis
1113 348 1131 373 a
1165 336 1241 374 basi
1273 336 1405 374 latiore
1438 334 1670 374 acuminatis.

383 419 469 456 [lab.
500 418 535 455 in
569 429 715 455 oceano
746 416 922 454 atlantico
953 415 997 452 ad
1031 415 1130 452 littus
1162 416 1339 453 Americae
1372 415 1535 452 borealis
1565 414 1740 463 (Rubri).

363 495 472 528 Frons:
499 505 515 528 a
545 495 662 527 radice
701 496 837 527 scutata
876 493 1096 535 4-pollicaris
1124 495 1158 525 et
1184 493 1284 536 ultra,
1324 492 1456 525 inferne
1492 493 1652 525 crassitie
1678 499 1804 533 pennae

272 555 435 596 corvinae,
462 563 543 586 mox
570 552 945 594 (licbotomo-ramosa,
972 551 1077 583 ramis
1104 550 1230 583 intimis
1247 550 1416 590 elongatis
1433 551 1699 592 patentissimis,
1715 549 1805 587 uude

272 613 366 646 frons
399 611 470 644 sere
502 611 603 643 latior
638 610 762 642 evadat
794 618 898 651 quam
931 609 1046 649 longa.
1102 608 1197 641 Rami
1225 607 1696 650 decempesito-dichotomi,
1723 616 1806 649 seg-

272 672 398 704 mentis
432 657 674 712 superioribus
708 677 800 701 nuno
834 667 1099 710 bipollicaribus
1132 666 1291 699 indivisis
1324 667 1515 699 incurvatis
1549 669 1582 698 et
1608 669 1805 700 extrorsum

272 731 469 770 ramulosis,
503 737 596 761 nunc
628 727 713 760 infra
748 727 885 768 apicem
912 726 1134 767 dichotomis,
1162 726 1353 765 segmentis
1381 724 1580 758 divaricatis
1608 726 1805 758 tumulosis.

270 790 404 823 Ramuli
443 788 678 831 patentissimi
718 785 791 818 sere
831 785 1091 818 horizontaliter
1129 786 1298 817 exeuntes
1337 786 1396 816 aut
1434 784 1572 817 indivisi
1613 787 1648 817 et
1685 794 1703 817 a
1729 785 1805 818 basi

272 850 385 883 latiori
417 849 548 880 sensim
581 846 781 887 acuminati,
815 846 876 876 aut
908 845 972 886 ipsi
1001 843 1397 876 divaricato-ramulosi.
1447 842 1647 875 Substantia
1675 842 1807 884 subge-

273 911 419 942 latinosa
447 914 608 939 carnosa.
665 905 910 936 Exsiccatione
938 902 1125 935 admodum
1151 901 1379 945 contrabitur,
1407 910 1535 934 cornea
1565 901 1680 934 evadit
1706 904 1809 944 atque

273 966 571 1008 longitudinaliter
598 971 725 1003 rugosa
753 964 787 994 et
812 962 958 994 sulcata.
1009 960 1207 1003 Specimina
1235 964 1352 992 nostra
1380 960 1513 992 sterilia
1540 962 1574 992 et
1595 959 1808 993 decolorata.

273 1027 457 1060 Structura
483 1032 562 1056 cum
588 1023 705 1064 priore
733 1022 907 1053 convenit.

282 1143 335 1181 16.
368 1145 429 1179 Ga.
461 1148 622 1178 CAUDATA
656 1138 709 1184 (J.
744 1139 807 1185 Ay.
841 1139 979 1182 mser.)
1013 1135 1148 1174 fronde
1181 1135 1291 1172 tereti
1323 1146 1443 1174 crassa
1476 1145 1806 1176 carnoso-cornea

385 1211 559 1255 elongata
603 1210 640 1243 et
684 1205 890 1243 lateraliter
934 1203 1145 1251 ramulosa,
1201 1203 1313 1241 ramis
1358 1203 1508 1241 inferne
1562 1204 1807 1241 dieliotomo—

386 1275 605 1323 ramulosiS,
658 1285 823 1322 superne
876 1271 1110 1321 prolongatis
1162 1271 1416 1320 nudiuseulis,
1469 1272 1675 1319 segmentis
1731 1272 1809 1309 basi

384 1342 662 1392 subaeqiialilms
694 1341 802 1390 apice
833 1339 1069 1389 acuminatiS,
1102 1339 1279 1376 coccidiis
1299 1338 1591 1388 bemisplirericis
1609 1350 1678 1388 per
1694 1342 1808 1377 totam

386 1411 564 1450 frondem
595 1410 745 1458 sparsis.

388 1491 473 1528 [lab.
507 1490 542 1527 in
576 1490 669 1528 mai-i
703 1488 814 1526 lndiae
855 1485 1100 1526 occidentalis
1132 1486 1175 1524 ad
1209 1487 1368 1524 Insulam
1401 1489 1448 1524 St.
1480 1487 1607 1525 Crucis
1649 1485 1810 1534 (Raln.l)

276 1560 312 1598 in
345 1560 428 1597 sinu
461 1560 657 1598 Mexieano
691 1558 776 1605 (llb.
809 1557 1006 1602 Crouanl).

371 1636 478 1669 Frons
511 1636 744 1678 ss-pollicariS,
778 1635 938 1667 crassitie
972 1642 1098 1675 pennae
1133 1632 1357 1676 columbinae,
1385 1634 1489 1666 ramis
1516 1631 1720 1666 lateralibus
1747 1638 1811 1672 pa-

276 1696 485 1728 tentissimis
523 1694 869 1727 subborizontalilms
896 1702 957 1735 per
985 1695 1094 1725 totam
1119 1692 1375 1732 longitudinem
1402 1691 1510 1724 dense
1539 1691 1664 1723 obsita.
1715 1689 1810 1722 Romi

275 1754 587 1796 ⁴2--6-pollicares,
614 1753 713 1795 juxta
742 1753 839 1784 basin
868 1752 976 1784 dense
1004 1752 1135 1784 alterne
1170 1751 1308 1790 ramosi,
1342 1750 1594 1782 ramiticatione
1621 1750 1732 1789 magis
1760 1748 1812 1780 la-

276 1813 431 1846 teraliter
464 1812 636 1844 ramulosa
675 1820 779 1853 quam
814 1810 1026 1852 dichotome,
1061 1811 1161 1850 apice
1188 1810 1273 1841 rami
1298 1809 1376 1849 plus
1404 1809 1518 1841 minus
1545 1807 1718 1850 producto
1745 1817 1811 1840 nu-

276 1873 447 1915 diusculo,
475 1872 508 1904 b.
542 1880 571 1904 e.
606 1872 640 1903 in
673 1870 837 1903 inferiore
878 1872 977 1912 parte
1016 1870 1156 1902 ramulis
1195 1868 1414 1910 simplicibus
1452 1869 1574 1909 paucis
1613 1867 1738 1910 obsito,
1779 1868 1813 1899 in

276 1932 458 1972 superiore
493 1930 565 1962 sere
598 1930 703 1962 nudo.
765 1928 859 1960 [tami
900 1929 1092 1970 ramulique
1120 1935 1241 1960 omnes
1268 1927 1343 1958 basi
1370 1926 1604 1969 snbaequales,
1631 1925 1811 1959 breviores

276 1990 473 2023 evidentius
501 1989 701 2031 acuminati,
727 1987 903 2027 longiores
930 1986 1031 2026 longe
1059 1987 1239 2019 attenuati.
1289 1985 1489 2017 Substantia
1517 1993 1676 2027 carnosa,
1698 1985 1811 2016 minus

277 2049 469 2090 gelatinosa
497 2056 600 2089 quam
627 2048 660 2079 in
688 2046 931 2087 praecedente,
959 2046 1197 2078 exsiccatione
1224 2044 1349 2077 eodem
1370 2044 1473 2076 modo
1490 2042 1684 2076 collabitur.
1711 2044 1813 2075 Color

277 2108 430 2140 recentis
467 2114 677 2148 purpureus,
701 2106 891 2137 exsiccata·
930 2114 1026 2146 saepe
1061 2103 1259 2136 albescens.
1322 2103 1486 2135 (jocatum
1524 2101 1811 2144 hemisphaerica,

278 2166 486 2199 diametrum
514 2164 695 2196 dimidium
722 2163 832 2204 ipsius
860 2161 992 2194 frondis
1021 2163 1076 2194 vix
1102 2163 1290 2204 aequantia,
1317 2161 1456 2194 demum
1485 2160 1683 2193 mamillata.
1735 2160 1812 2192 Pla—

278 2227 379 2258 centa
405 2224 549 2265 elevata,
578 2222 712 2254 cellulis
739 2221 934 2253 rotundatis
961 2223 1138 2264 contexta,
1165 2220 1219 2252 fila
1248 2220 1501 2261 gemmidiilera
1528 2220 1675 2262 plurima
1703 2219 1812 2251 susti-

278 2292 377 2315 nens.
440 2281 678 2321 Pericurpinm
717 2288 874 2312 erassum
914 2279 1124 2312 densissime
1163 2279 1380 2322 cellulosum,
1414 2279 1549 2311 cellulis
1576 2279 1811 2312 exterioribus

277 2342 437 2384 plurimis
471 2341 682 2373 verticaliter
713 2339 864 2380 seriatis,
899 2338 1030 2369 intimis
1057 2338 1281 2370 concentrice
1307 2337 1501 2379 dispositis.
1551 2336 1690 2369 Cellula·
1717 2337 1812 2377 peri-

278 2400 433 2442 phericae
459 2400 492 2431 in
519 2399 574 2431 tila
602 2397 778 2430 verticaliu
806 2397 966 2429 evolutam

286 2514 344 2553 47.
377 2519 437 2552 Gli.
469 2524 606 2552 CORNEA
640 2513 694 2558 (J.
737 2513 801 2561 Ay.
845 2515 983 2558 mser.)
1025 2512 1161 2550 fronde
1201 2512 1309 2549 tereti
1357 2511 1584 2549 crassissima
1625 2522 1811 2549 carnoso-

391 2594 531 2620 cornea
578 2583 751 2629 elongata
784 2584 820 2617 et
851 2580 1053 2617 lateraliter
1098 2591 1257 2628 ramosa,
1302 2577 1412 2615 ramis
1458 2579 1685 2626 ramulisque
1716 2578 1809 2614 sub-

391 2649 654 2688 conlormibus
688 2649 864 2697 utrinque
896 2648 1111 2697 attenuatis,
1144 2646 1296 2684 ramulis
1326 2646 1611 2683 subsecundans
1643 2646 1795 2683 obtusis.

579 2753 605 2760 -o

376 2816 533 2858 Analysis
560 2825 578 2849 a
603 2816 811 2856 Montagneo
839 2816 915 2857 ipso
942 2814 1021 2848 data
1049 2815 1083 2846 et
1107 2815 1295 2847 sunctum
1321 2815 1356 2845 et
1369 2812 1809 2855 spliaerosporarumplan-

285 2877 351 2906 tam
378 2884 395 2906 a
424 2875 574 2916 llypneis
609 2875 781 2906 diversam
820 2876 853 2905 et
886 2873 1084 2905 Gracilariae
1118 2874 1313 2914 proximam
1342 2872 1521 2904 monstrat.
1571 2869 1661 2901 Inter
1687 2870 1809 2903 Graci—

286 2932 388 2964 larias
416 2941 494 2964 cum
521 2933 575 2964 (ἐν.
604 2932 821 2966 Damaecorni
850 2933 968 2964 nostra
995 2931 1217 2972 potissimum
1246 2930 1432 2963 convenire
1458 2927 1606 2960 videtur.
