1895 3208
69 153 297 199 Corallina.
481 154 718 195 CORALLINEAE
739 151 912 205 (AUCTOR.
934 146 1179 201 ARESCH.)
1494 145 1585 186 573

68 290 167 328 fluvii
212 292 422 337 Cygnorum
467 289 588 326 saltim
634 296 752 334 usque
797 284 840 322 ad
888 286 973 323 l‘ort
1016 282 1158 332 Philipp
1202 279 1330 330 (llerb.
1363 278 1509 330 propr.)
1541 277 1588 316 Ad

69 377 154 403 oras
185 364 389 403 'l‘asmaniae
423 365 517 410 (see.
550 366 653 400 llarv.
685 362 708 398 l.
740 362 791 407 c.)

163 453 261 486 Utin
288 452 442 485 maribus
480 450 812 494 septentrionalibus
851 449 1020 482 Corallina
1059 447 1255 490 officiiialis7
1295 447 1340 478 ita
1379 446 1412 478 in
1451 444 1591 477 australi

68 519 144 552 liaec
179 520 317 561 species
346 516 520 549 variabilis
546 518 581 548 et
605 515 842 558 polymorpho,
882 516 919 546 ut
954 515 1011 555 qui
1039 522 1149 556 pauca
1178 515 1308 545 tantum
1337 511 1411 553 ejus
1436 510 1595 563 possidet

69 585 274 626 specimina,
315 584 358 615 all
394 582 511 623 plures
551 582 688 622 species
727 579 929 612 condendas
963 578 1063 611 facile
1090 579 1284 611 inducatur.
1336 575 1593 618 Speeiminibus

69 650 210 682 circiter
246 650 310 682 200
339 657 357 680 a
384 647 486 680 nobis
513 647 659 689 collam,
698 646 896 687 opinionem
935 646 1088 677 nostram
1116 644 1157 676 de
1186 641 1373 674 formarum
1400 650 1503 684 supra
1532 640 1594 673 de-

73 716 281 758 scriptarum
320 714 483 756 specifica
521 712 704 745 identitate
745 712 874 743 irritam
913 718 1003 752 esse,
1031 718 1098 741 non
1138 708 1238 741 sarile
1277 708 1515 740 concedimus.
1554 726 1596 731 —-

72 779 193 813 Forma
228 791 260 811 α.
295 779 460 812 normalis
494 779 547 810 est
579 780 613 810 et
639 777 910 819 elegantissima,
940 784 1050 817 usque
1076 774 1307 816 6-pollicaris‚
1335 773 1461 805 coloris
1489 772 1597 804 brun-

73 846 339 887 neo-purpurei,
374 843 580 876 virescentis
610 842 632 873 l.
665 841 887 883 albescentis,
914 849 932 872 e
959 840 1046 872 callo
1073 839 1215 872 railicali
1250 838 1446 880 multiceps,
1484 846 1597 869 ramo-

73 912 223 944 sissima.
283 910 378 942 Rami
416 916 527 950 usque
566 907 756 948 tripinnati,
798 904 942 947 pulchre
969 904 1240 945 plumaelormes‚
1273 904 1598 944 circumscriptione

73 976 151 1017 plus
178 976 291 1008 minus
319 975 408 1008 ovati
437 974 456 1005 l.
484 972 623 1012 oblongi
651 971 672 1002 l.
697 970 894 1012 lanceolam,
921 970 954 1001 in
982 969 1233 1010 speciminibus
1262 978 1342 1001 vero
1370 969 1599 1001 macrioribus

75 1042 185 1081 magis
225 1041 411 1081 angustati.
471 1038 615 1071 Articuli
653 1045 827 1069 ramorum
866 1035 1059 1076 compressi
1099 1035 1118 1066 l.
1157 1034 1364 1078 subteretes,
1403 1043 1494 1068 nunc
1534 1034 1599 1066 late

75 1107 213 1139 cuneati
251 1115 343 1139 nunc
381 1103 673 1146 subcylindracei,
712 1101 926 1142 longitudine
959 1099 1165 1133 diametrum
1193 1102 1390 1143 aequantes3
1417 1101 1600 1141 pinnarum

75 1171 142 1203 late
159 1171 310 1204 cuneati.
337 1189 378 1194 —
405 1169 439 1202 ln
456 1169 565 1202 forma
589 1171 621 1209 β.
648 1168 743 1200 frons
770 1168 895 1200 eximie
922 1167 1110 1208 ‹:÷1·spitosa
1138 1166 1358 1208 densissima,
1387 1167 1474 1198 4-3
1499 1166 1602 1208 polli—

76 1238 179 1269 caris.
228 1236 323 1270 Rami
352 1237 505 1278 pinnulis
535 1236 659 1268 lineam
694 1233 835 1265 circiter
862 1232 972 1272 longis
1001 1231 1152 1272 undique
1180 1230 1458 1272 propullantibus
1485 1230 1603 1263 multi-

77 1302 381 1335 lido-dichotomis
419 1301 527 1333 dense
566 1301 695 1332 vestiti.
757 1299 817 1331 Est
853 1297 927 1329 sola
966 1296 1085 1329 formae
1125 1297 1289 1329 normalis
1329 1297 1488 1338 varietas,
1525 1304 1602 1328 nam

78 1370 261 1410 utramque
292 1369 326 1400 in
362 1367 484 1400 eodem
517 1365 672 1407 ejusdem
705 1363 910 1407 speciminis
938 1370 1032 1394 ramo
1060 1361 1220 1394 vidimus.
1270 1362 1439 1394 Corallina
1467 1361 1602 1403 pililera

78 1433 159 1466 huic
199 1437 233 1466 et
271 1433 432 1476 sequenti
472 1431 591 1463 sormae
619 1429 717 1462 valde
758 1431 812 1461 est
848 1428 972 1469 affinis,
1011 1431 1046 1460 et
1082 1436 1160 1460 cum
1189 1427 1310 1460 iisdem
1338 1427 1603 1468 diligentissime

79 1499 327 1540 comparanda.
365 1516 408 1522 -—
446 1496 603 1529 Formam
637 1507 672 1539 y.
707 1504 724 1527 a
760 1494 867 1527 forma
893 1495 924 1534 β.
952 1492 1065 1525 differt
1094 1496 1226 1525 tantum
1253 1493 1406 1534 pinnulis
1433 1493 1604 1526 distichis.

79 1563 174 1596 Rami
212 1564 246 1596 in
286 1566 432 1605 utraque
471 1564 552 1595 sunt
588 1562 721 1593 tantum
760 1559 893 1602 pinnati
929 1560 1010 1600 (nec
1038 1559 1102 1590 tri-
1129 1559 1149 1590 l.
1177 1557 1345 1599 bipinnati
1374 1560 1410 1590 ut
1436 1558 1468 1589 in
1496 1557 1603 1590 forma

80 1632 144 1673 m),
176 1630 293 1672 pinnis
328 1630 492 1671 (propter
524 1627 800 1667 magnitudinem
832 1627 866 1657 et
892 1624 1171 1657 convenientiam
1198 1631 1276 1656 cum
1303 1623 1455 1665 pinnulis
1484 1622 1604 1655 sormae

81 1705 115 1738 α,
141 1704 159 1728 a
186 1693 286 1727 nobis
318 1693 472 1735 pinnulis
499 1692 706 1733 nominatis)
734 1688 1150 1723 multifido-dicliotomis.
1202 1688 1235 1721 ln
1263 1688 1385 1721 eodem
1413 1689 1605 1730 specimine

82 1768 177 1802 saepe
204 1759 343 1802 adsunt,
379 1759 401 1792 i.
434 1768 464 1790 e.
498 1758 583 1790 rami
617 1755 747 1788 babent
778 1754 910 1788 inferne
945 1755 1105 1797 pinnulas
1140 1754 1293 1796 undique
1319 1753 1606 1795 propullulantes,

83 1834 233 1868 superne
271 1833 352 1858 vero
378 1823 539 1866 pinnulas
566 1820 714 1855 ‹listiche
741 1820 934 1863 oppositas,
963 1823 997 1853 et
1023 1822 1056 1853 in
1083 1823 1229 1862 utraque
1256 1818 1405 1851 vidimus
1436 1818 1607 1851 interdum

83 1890 245 1932 pinnulas
285 1890 407 1932 (veluti
445 1889 571 1930 pinnas
612 1888 645 1920 in
684 1886 760 1919 Cor.
798 1886 952 1929 pililera)
984 1886 1162 1928 paululum
1196 1883 1283 1918 infra
1310 1885 1445 1926 apicem
1473 1883 1606 1916 articuli

84 1944 237 1989 rachidis
263 1955 495 1996 egredientes.

91 2106 149 2146 43.
180 2109 216 2145 C.
247 2115 360 2145 ROSEA
394 2105 621 2152 (Lamarcli.
661 2103 773 2142 Mem.
816 2102 868 2142 du
908 2104 1009 2142 Mus.
1044 2113 1084 2151 p.
1125 2101 1226 2150 232)
1265 2101 1401 2141 fronde
1439 2100 1610 2150 plumosa

197 2181 352 2219 indivisa
386 2183 407 2219 l.
440 2180 623 2230 pinnatim
661 2190 821 2230 ramosa,
859 2179 970 2217 ramis
1008 2177 1157 2226 vii-gaiis
1196 2176 1491 2227 subtripinnalis,
1523 2176 1611 2224 pin-

196 2256 254 2294 nis
298 2256 541 2306 pinnulisque
591 2253 768 2292 brevibus
821 2253 1062 2291 creberrimis
1114 2252 1330 2301 gracillimis
1382 2250 1611 2299 subcapilla-

198 2330 315 2380 ribus,
358 2330 524 2379 pinnulis
567 2328 701 2379 saepius
746 2327 898 2365 sure-„itis
939 2328 960 2365 Ι,
999 2326 1196 2377 bipartitis,
1227 2325 1390 2363 articulis
1422 2334 1611 2362 ramorum

199 2404 385 2442 diametro
430 2404 635 2453 [equalibus
676 2401 999 2440 lato-obcuriealis
1038 2401 1182 2448 angulis
1212 2399 1453 2449 prominnlis‚
1484 2408 1612 2435 ramo-

201 2489 285 2516 rum
331 2478 534 2517 linearibus
580 2478 767 2514 ‹liamelro
812 2475 922 2524 triplo
969 2473 1224 2524 longioribus,
1267 2472 1434 2522 apicibus
1477 2471 1615 2520 aculis,

202 2553 416 2591 eeramidiis
447 2551 709 2590 terminalibus
740 2549 952 2587 antennatis
984 2548 1195 2585 urceolulis.

186 2642 356 2676 Coralliba
384 2649 485 2673 rosea
511 2637 698 2673 Lamarck.
725 2638 745 2671 l.
773 2649 801 2673 c.

184 2709 283 2742 Jania
324 2715 423 2740 rosea
462 2704 627 2738 Decaisn.
662 2704 699 2737 in
738 2702 862 2737 Annal.
896 2702 955 2736 des
986 2701 1122 2735 Scit-nc.
1164 2702 1236 2734 nal.
1279 2698 1364 2733 '1842
1391 2700 1414 2732 ί.
1443 2696 1560 2732 XVIII
1581 2708 1615 2742 p.

96 2774 158 2807 423
186 2776 275 2816 (sec.
303 2771 430 2815 llam.)
457 2769 564 2804 Harv.
589 2767 674 2804 Ner.
700 2770 812 2802 auser.
834 2777 869 2811 p.
899 2768 962 2800 405
988 2768 1011 2800 t.
1040 2764 1107 2799 XL.

205 2857 291 2896 llab.
336 2855 382 2894 ad
427 2866 511 2893 oras
562 2852 749 2892 Australice
795 2852 831 2889 in
878 2851 961 2888 sinu
1008 2849 1099 2898 King
1149 2851 1293 2898 Georgs
1336 2847 1464 2886 Sound
1517 2847 1618 2886 dieto

95 2932 218 2981 (llarv.
249 2932 271 2970 l.
302 2932 351 2978 c.)
651 2949 667 2966 ο
