1895 3208
257 129 350 168 696
831 122 1216 166 SPHAEROCOCCOlDEAE.
1531 123 1786 168 Delasseria.

255 259 344 299 gulis
381 260 587 301 plerumque
626 254 782 296 geminas
821 253 990 288 efficiunt.
1039 254 1141 287 Color
1165 255 1311 298 pulchre
1338 258 1537 290 coccineus.
1587 256 1788 290 Substantia

255 317 534 349 membranacea.

348 373 547 415 Specimen,
587 372 682 414 quod
719 371 787 404 vidi
829 380 872 404 ex
899 371 1022 404 insulis
1066 371 1262 414 Malouinis,
1298 374 1353 404 est
1377 373 1509 413 vulgari
1536 375 1652 416 planta
1681 375 1787 408 multo

255 433 376 475 majus,
411 430 645 473 S—pollicare3
679 430 877 464 soliolorum
909 439 994 463 vero
1028 431 1154 463 lamina
1181 430 1253 463 sere
1282 431 1431 475 detersa,
1459 441 1527 466 nou
1554 433 1643 466 bene
1670 434 1788 467 deter-

255 490 467 523 minandum.

279 676 317 712 x.
353 675 617 714 [irrorat-[tun.
657 673 748 714 Sora·
779 672 1171 724 spleoerosporarum
1200 674 1243 714 in
1273 674 1548 725 sporopliyllis
1573 679 1761 729 propriis

930 741 1117 782 evoluti?

251 857 313 897 23.
347 861 383 897 D.
417 861 678 896 Minnssunoaru
712 859 855 908 (Rupr.
887 859 967 907 Alq.
1002 859 1131 897 Oclzoc.
1147 870 1184 907 p.
1203 856 1302 907 237)
1336 859 1472 897 fronde
1490 862 1628 897 eost-ata
1649 860 1789 899 foliolis

362 939 380 963 a
413 928 515 963 cosia
559 927 897 976 prorumpentibus
939 939 1108 978 ramosa;
1143 927 1281 965 foliolis
1315 927 1683 977 obovato-oblongis
1716 929 1790 967 ob-

362 993 453 1031 tusis
484 994 635 1042 longius
668 995 843 1044 stipitatis
874 996 1030 1034 demum
1063 995 1168 1033 venis
1186 994 1472 1033 obscurioribus
1493 995 1647 1044 notatis3
1674 997 1790 1043 (soris

363 1060 399 1096 in
430 1059 564 1108 phyllis
595 1061 751 1100 minutis
784 1063 1032 1101 saseiculatim
1062 1076 1082 1101 a
1114 1066 1216 1101 costa
1249 1062 1525 1110 exeuntibus‘?)

362 1140 449 1179 Hah.
483 1140 520 1178 in
550 1141 644 1178 mari
678 1141 880 1178 Ocliotensi
913 1142 1188 1189 (Middendors,
1220 1142 1568 1190 Wosnessensliyl).

344 1217 498 1250 Frondes
527 1218 569 1250 ab
596 1219 814 1260 expansione
840 1218 983 1251 radicali
1011 1218 1151 1250 demum
1178 1217 1306 1250 fibrosa
1323 1219 1464 1251 circiter
1487 1219 1642 1264 pedales,
1656 1220 1790 1254 inferne

252 1278 496 1311 caulescentes
534 1277 792 1320 teretiusculae,
833 1286 985 1318 superne
1024 1278 1058 1309 iu
1097 1278 1233 1309 costam
1275 1277 1338 1310 alis
1380 1277 1605 1311 sub-derasis
1643 1282 1790 1320 anguste

251 1336 375 1368 alatam
408 1336 443 1367 et
473 1335 790 1377 prolisscationibus
832 1345 1007 1368 ramosam
1034 1335 1219 1369 abeuntes.
1268 1335 1362 1369 Folia
1387 1337 1620 1378 prolificantia
1647 1347 1664 1371 a
1692 1342 1791 1373 costa

251 1394 553 1428 subfasciculatim
586 1396 763 1438 exeuntia,
794 1394 931 1436 juniora
967 1395 1128 1438 obovata,
1162 1395 1333 1428 adultiora
1367 1395 1705 1441 obovato-oblonga,
1732 1407 1791 1430 se-

252 1454 332 1487 nilia
372 1452 523 1494 oblonga
562 1456 622 1486 aut
662 1453 937 1498 sublanceolata,
976 1454 1271 1497 2—3-pollicai·ia
1310 1454 1492 1488 latitudine
1529 1455 1789 1502 semipollicari,

252 1514 366 1546 omnia
406 1512 542 1555 obtusa,
586 1522 619 1544 in
657 1513 814 1554 stipitem
852 1513 1063 1556 filisormem,
1101 1513 1211 1546 lineas
1244 1514 1429 1546 nonnullas
1462 1514 1613 1559 longum,
1652 1517 1790 1559 longius

253 1573 443 1615 attenuata,
470 1574 567 1604 costa
595 1572 747 1604 evidenti
773 1581 955 1614 percursa.
1007 1572 1108 1606 Venoe
1135 1573 1356 1606 secundariae
1383 1574 1416 1606 in
1438 1573 1652 1616 juvenilibus
1675 1578 1789 1622 nullae,

252 1634 286 1665 iu
313 1631 546 1664 adultioribus
573 1640 696 1674 parum
729 1632 933 1674 conspicuae
966 1631 1076 1665 lineas
1104 1631 1329 1664 obscuriores
1357 1633 1413 1665 vix
1440 1633 1605 1666 limitatas
1631 1634 1790 1668 reseren-

251 1693 316 1733 tes,
358 1691 484 1731 angulo
524 1690 585 1723 4530
622 1691 762 1723 circiter
806 1695 987 1724 exeuntes.
1051 1690 1256 1724 Substantia
1294 1691 1391 1724 firma
1430 1691 1627 1726 chartacea.
1689 1694 1790 1728 Color

251 1750 454 1782 coccineus.

344 1807 491 1841 Fructus
517 1817 588 1841 sec.
616 1808 685 1842 Cel.
712 1810 899 1842 Auctorem
929 1810 1082 1843 nondum
1109 1810 1252 1843 detecti.
1301 1810 1337 1843 ln
1363 1811 1569 1855 specimine,
1591 1812 1682 1854 quod
1699 1813 1789 1846 libe-

251 1867 377 1899 ralitati
410 1867 568 1909 ejusdem
602 1867 726 1911 debeo,
760 1867 875 1910 phylla
910 1870 1145 1902 minutissima
1177 1870 1541 1903 lanceolam-linearia
1572 1871 1727 1913 stipitata
1755 1875 1790 1905 et

250 1924 390 1968 obtusa,
426 1925 574 1966 plurima
611 1929 644 1960 in
680 1927 869 1960 fasciculos
897 1936 915 1960 a
941 1930 1038 1960 costa
1066 1931 1287 1969 emergentes
1315 1931 1495 1974 congesta,
1522 1929 1682 1972 observo,
1710 1940 1787 1972 quae

249 1986 367 2026 potius
393 1986 617 2028 sporopbylla
646 1996 749 2029 quam
776 1986 892 2019 foliola
915 1986 1080 2028 juvenilia
1110 1988 1282 2030 suspicor.
1334 1987 1461 2022 Fructu
1487 1990 1607 2029 ignoto
1628 1989 1788 2030 proxima

250 2043 351 2084 liujus
379 2046 511 2087 speciei
539 2045 688 2079 affinitas
716 2045 820 2078 dubia
848 2047 976 2079 manet.
1412 2058 1415 2061 ·

1224 2163 1266 2196 03,

784 2205 951 2256 Species
982 2206 1252 2258 inquirendae.

248 2307 311 2345 24.
342 2312 486 2346 Dssrlass.
519 2317 672 2347 sannam
706 2310 828 2355 (Post.
861 2315 899 2348 et
929 2310 1049 2358 Rupr.
1081 2310 1233 2348 Illuscr.
1262 2322 1301 2359 p.
1332 2310 1397 2359 45)
1428 2311 1553 2360 stipite
1573 2323 1659 2350 mox
1676 2314 1787 2365 alato,

359 2388 595 2427 compresso,
615 2379 895 2428 1‘amosissim03
914 2379 1025 2416 ramis
1042 2379 1147 2416 alatis
1164 2379 1374 2417 alternatim
1408 2379 1637 2428 pinnatilidis
1662 2384 1699 2417 ot
1723 2381 1785 2418 bi-

358 2444 608 2492 pinnatisidis3
634 2446 838 2494 segmentis
856 2446 1062 2484 linearibus
1080 2447 1244 2495 costatis,
1260 2446 1433 2494 margine
1451 2448 1604 2485 serratis
1620 2459 1786 2497 superno

358 2511 488 2549 incisis
506 2513 562 2550 vel
582 2513 826 2562 pinnatssidis,
857 2513 1037 2563 sporidiis
1069 2514 1105 2550 in
1131 2517 1293 2563 utroque
1312 2514 1427 2551 latere
1446 2517 1557 2552 costae
1575 2514 1785 2552 seeundum

359 2590 515 2616 omnem
545 2584 834 2629 segmentorum
866 2582 1147 2630 longitudinem
1178 2582 1387 2630 aggregatis
1418 2583 1748 2632 punctisormibus.

361 2658 446 2696 llab.
486 2659 686 2708 parasitica
725 2659 760 2697 in
800 2660 926 2710 stipite
963 2660 1105 2699 Ptilotae
1137 2661 1392 2710 asplenioides
1423 2661 1471 2699 ad
1502 2662 1625 2701 littora
1656 2665 1784 2701 Kamt-

248 2726 409 2763 scliatica
439 2731 476 2764 et
505 2729 664 2765 insulam
699 2729 935 2767 Unalasclika.

342 2800 506 2844 ³⁷Stipites
546 2806 580 2837 in
619 2805 737 2838 radice
775 2805 970 2838 scutiformi
1003 2807 1133 2848 plures,
1162 2808 1368 2850 compressi,
1395 2816 1475 2840 mox
1502 2808 1720 2841 diramiticati
1748 2808 1782 2840 in

250 2857 388 2892 frondes
422 2862 555 2905 planas,
590 2863 703 2895 medio
733 2862 776 2896 ob
804 2866 938 2896 costam
965 2865 1064 2897 valde
1089 2865 1321 2897 incrassatam
1348 2874 1535 2908 convexas,
1562 2864 1781 2906 4—6-polli-
1823 2866 1833 2876 ⁶

249 2925 359 2949 cares.
414 2919 572 2953 Ambitus
610 2920 784 2955 frondium
820 2922 863 2955 ol>
899 2923 1050 2956 ramulos
1077 2922 1239 2956 laterales
1264 2923 1444 2957 breviores
1471 2923 1581 2963 magis
1608 2922 1780 2963 oblongus
